2314 3886
188 237 250 294 fbf)
456 251 495 290 os
518 251 624 292 ossmr
645 251 829 292 snsxarroar.

189 365 348 413 consecutus
370 367 433 428 erat,
457 367 485 411 et
507 357 651 427 pertinacia
673 358 732 412 Pori
755 359 866 428 cognita,
892 359 1009 414 vetabat
1030 360 1090 414 resis-

189 427 306 481 tentibus
328 429 407 495 parci.
456 429 523 496 Ergo
546 428 663 497 undique
687 435 714 480 et
737 428 763 480 in
783 428 887 497 pedites
910 437 942 483 et
968 428 997 482 ih
1019 431 1089 499 ipsun
1122 435 1123 503 ξ

191 498 286 550 Porum
311 496 365 548 tela
387 505 514 564 congesta
537 509 611 550 sunt:
636 497 695 566 quis
718 497 824 550 tandem
844 507 977 564 guavatus
996 499 1046 552 labi
1065 515 1089 550 ex
1122 511 1123 572 t

190 565 269 619 belua
291 567 386 634 coepit.
422 567 510 632 ludus,
531 567 577 635 qui
600 565 771 636 elephantum
796 567 912 637 regebat,
936 568 1088 621 descendere

190 651 253 688 eum
278 643 355 702 ratus,
380 651 452 690 more
477 635 551 688 solito
575 635 746 704 elephantum
768 637 946 704 procumbere
976 637 1052 706 jussit
1069 638 1087 688 in

190 721 292 772 genua:
311 705 357 774 qui
375 713 404 757 ut
422 721 450 757 se
469 705 600 773 submisit,
612 705 695 756 ceteri
713 719 828 773 quoque,
841 705 877 756 ita
895 706 974 758 enirn
995 705 1090 760 instituti
1122 735 1123 746 ι

155 773 272 842 „erant
296 773 428 826 demisere
452 791 559 842 corpora
582 774 608 828 in
632 782 737 826 terram.
773 775 814 826 Ea
838 791 880 826 res
904 784 935 826 et
961 777 1056 829 Porum
1071 783 1088 826 et

191 845 302 896 oetems¹
314 842 458 896 vlotoribus
469 843 582 896 tradidit.
772 847 777 862 “
1006 887 1009 892 .

226 917 268 964 51.
287 913 345 966 Rex
363 911 468 982 spoliari
486 928 581 980 oorpns
600 912 666 978 Pori,
684 911 873 980 interemptum
894 929 959 965 esse
982 915 1089 980 credens,

190 980 274 1051 jubet,
298 990 325 1034 et
347 980 391 1050 qui
414 979 583 1034 detraherent
606 980 714 1034 loricam
737 989 903 1050 vestemque,
929 999 1089 1050 concurrere,

191 1067 253 1104 curn
279 1051 357 1103 belua
384 1050 518 1102 dominum
543 1050 609 1102 tueri
634 1059 661 1102 et
684 1048 825 1118 spoliantes
852 1051 943 1120 coepit
966 1065 1090 1122 appetere,

191 1119 363 1188 levatumque
383 1135 478 1187 corpus
497 1119 556 1189 ejus
575 1135 663 1171 rursus
682 1118 757 1170 dorso
773 1135 819 1171 suo
837 1119 873 1170 im
910 1123 1003 1172 nere.l
1038 1124 1091 1190 Ergo

192 1187 385 1258 telisundiqne
402 1188 527 1254 obruitur,
546 1187 718 1256 confossoque
737 1205 776 1256 eo,
795 1189 822 1240 in
841 1204 874 1240 ve
895 1189 1005 1244 iculum
1023 1193 1092 1244 Porus

193 1257 229 1309 im
264 1258 341 1310 nitur.
377 1257 463 1315 Quem
482 1274 528 1312 rex
545 1265 575 1310 ut
592 1257 659 1308 vidit
677 1256 837 1310 allevantem
849 1258 952 1328 oculos,
965 1277 1022 1312 non
1039 1261 1093 1327 odio,

192 1343 222 1378 se
260 1326 428 1379 miseratione
444 1336 599 1396 commotus,
613 1326 695 1395 Quae,
709 1326 817 1394 malurn,
831 1327 924 1396 inquit,
937 1331 1061 1382 amentia
1075 1341 1094 1381 te

192 1394 287 1462 coegit,
301 1411 388 1447 rerum
400 1409 519 1448 mearum
531 1397 635 1464 cognite
647 1396 726 1464 fama,
740 1395 803 1448 belli
820 1397 955 1449 fortunam
974 1398 1094 1468 experiri:

191 1480 255 1517 oum
274 1463 374 1516 Taxilis
394 1472 465 1516 esset
486 1466 511 1516 in
530 1463 634 1516 deditos
650 1465 809 1518 clementiae
827 1481 903 1518 meae
923 1475 981 1519 tarn
1004 1471 1095 1538 propio·

191 1549 274 1601 quum
298 1533 345 1586 tibi
368 1533 553 1602 erremplurnl⁸
588 1535 623 1586 Ar
642 1534 694 1603 ille,
715 1534 854 1602 Quoniam,
877 1535 971 1603 inquit,
997 1555 1095 1607 percon·

192 1601 262 1665 taris,
277 1601 439 1672 respondebo
451 1619 485 1654 ea
497 1601 625 1671 libertate,
635 1619 716 1672 quarn
728 1603 907 1670 interrogando
920 1605 1026 1659 fecisti.
1055 1609 1096 1660 Ne·

191 1671 293 1726 minem
312 1689 355 1725 rne
374 1671 505 1724 fortiorem
523 1688 582 1724 esse
601 1672 753 1724 censebam.
790 1673 869 1725 Meas
884 1673 958 1726 enim
976 1693 1097 1728 noveram

191 1741 269 1806 vires,
289 1741 405 1794 nondum
423 1749 547 1809 expertos
564 1749 639 1793 tuas:
656 1741 790 1794 fortiorem
804 1757 866 1794 esse
878 1750 912 1808 te,
927 1742 998 1796 belli
1019 1746 1097 1798 docuit

190 1819 311 1862 eventus.
347 1809 397 1863 Sed
411 1825 444 1862 ne
456 1811 494 1862 sic
506 1809 612 1878 quidem
631 1827 724 1879 parum
736 1809 802 1862 felix
813 1827 880 1879 sum,
894 1815 1040 1867 secundus
1051 1814 1097 1866 tibi.

190 1879 290 1932 Rursus
308 1880 486 1948 interrogatus,
500 1877 564 1948 quid
579 1879 636 1947 ipse
648 1879 774 1939 rictorem
786 1887 901 1932 statuere
919 1881 1030 1936 debere
1048 1901 1097 1936 oen-

190 1950 281 2002 seret.⁴
314 1948 389 2007 Quod
408 1947 460 2017 hic,
479 1947 569 2017 inquit,
589 1947 647 2000 dies
664 1947 712 2001 tibi
729 1947 830 2016 suadet,
847 1965 899 2017 quo
916 1963 1054 2019 expertus
1067 1969 1098 2017 es,

190 2034 271 2086 quam
289 2017 390 2072 caduca
407 2017 521 2070 felicitas
538 2019 628 2069 esset.⁸
663 2017 726 2070 Plus
739 2017 871 2070 monendo
883 2019 1014 2088 profecit,
1029 2039 1100 2091 quaro

190 2087 213 2139 si
224 2098 345 2155 precatus
356 2095 436 2138 esset.
471 2086 575 2206 Quippe
592 2086 803 2154 magnitudinem
820 2087 903 2139 animi
920 2087 986 2158 ejus
1007 2091 1100 2144 interri-

190 2164 254 2224 tam,
266 2171 298 2206 ac
311 2171 344 2206 ne
356 2155 461 2208 fortuna
472 2156 515 2223 qui
536 2171 580 2208 ern
593 2154 740 2224 infractam,
753 2170 803 2208 non
817 2156 1008 2211 misericordia
1022 2161 1100 2226 mode

190 2223 339 2276 sedetiam
362 2223 457 2276 honore
481 2224 604 2292 excipere
626 2223 750 2292 dignatus
772 2232 821 2278 est.
857 2227 981 2293 Aegrum
1007 2231 1102 2283 curarit

189 2291 261 2344 hand
280 2309 364 2360 secus,
378 2309 458 2361 quarn
472 2293 495 2345 si
507 2310 551 2371 pro
564 2292 621 2362 ipso
633 2302 776 2362 pugnasset
783 2310 791 2362 ;
808 2294 1005 2350 confirmatum
1020 2308 1103 2351 contra

189 2377 266 2430 spem
283 2363 401 2414 omnium
419 2362 446 2414 in
463 2377 609 2415 amicorum
627 2370 768 2416 numerum
782 2364 898 2432 recepit,
917 2381 986 2419 mox
1000 2367 1104 2421 donarit

218 2525 226 2548 ¹
239 2518 297 2567 ‘All
308 2518 349 2567 the
360 2518 441 2567 others
452 2533 478 2566 as
489 2517 545 2566 well
556 2533 582 2567 es
594 2518 688 2567 Porus:

217 2597 228 2622 ⁹
238 2591 318 2640 When
325 2592 365 2641 the
372 2590 465 2640 faithful
472 2591 560 2640 animal
568 2607 618 2639 saw
623 2591 664 2640 the
671 2591 778 2639 enemies
783 2591 1014 2652 lloclringtowards
1022 2597 1104 2650 Poma

188 2652 307 2710 supposed
325 2663 350 2700 to
366 2654 395 2700 be
411 2650 481 2706 dead,
494 2651 511 2699 it
528 2650 651 2710 protectsd
666 2651 725 2707 him,
737 2651 822 2698 struck
837 2661 861 2698 at
877 2651 949 2699 those
961 2655 1030 2703 who
1047 2669 1106 2703 were

190 2711 293 2778 busying
304 2711 450 2760 themselves
459 2713 531 2778 about
541 2710 579 2758 his
588 2709 660 2768 body.
669 2710 715 2759 arrd
722 2709 891 2758 endeavoured
899 2721 926 2758 to
935 2713 1008 2762 raiae
1018 2715 1073 2764 him
1080 2729 1107 2773 up

189 2783 267 2827 again,
280 2770 326 2818 aud
337 2781 374 2818 set
385 2771 434 2819 him
447 2785 510 2830 upon
521 2780 552 2818 rts
561 2768 630 2816 back.

217 2845 226 2867 ⁸
239 2841 324 2890 ‘Since
336 2859 383 2902 you
393 2844 439 2892 had
450 2843 475 2891 in
486 2842 526 2890 the
538 2857 593 2890 case
604 2840 631 2889 of
639 2840 739 2889 'I'arriles
750 2857 778 2890 so
789 2856 847 2889 near
857 2857 887 2889 arr
898 2841 1021 2894 instance
1034 2847 1066 2894 of
1072 2861 1108 2904 my

189 2896 348 2968 clemencyto
359 2901 427 2949 those
439 2902 494 2949 who
504 2899 638 2950 submitted
648 2910 673 2947 to
684 2899 740 2947 me’
772 2899 908 2969 Eaenplom
920 2900 983 2950 here
1002 2921 1109 2966 gosem

189 2965 238 3004 two
248 2969 375 3017 genitivos,
391 2960 481 3008 Tacitis
493 2960 538 3008 and
549 2961 699 3008 denentiae..
723 2957 815 3007 Tortilis
827 2975 847 3007 rs
858 2975 873 3006 a
881 2963 1020 3022 geratione
1033 2982 1109 3026 epae

206 3017 501 3126 epbnprffixplanatory,
519 3018 555 3066 for
571 3017 671 3066 'I'axilos
686 3017 821 3066 himselfis
837 3018 878 3066 the
894 3023 1031 3081 example.
1067 3024 1110 3072 See

226 3091 270 3122 α.
352 3112 357 3122 .

216 3153 225 3176 ⁴
237 3147 328 3196 ‘What
339 3163 389 3196 was
400 3149 437 3197 his
448 3166 503 3198 own
518 3151 615 3210 opinion
630 3165 657 3198 as
673 3159 698 3198 to
713 3151 755 3198 the
770 3149 820 3200 fate
836 3149 889 3200 that
903 3150 948 3200 the
964 3168 1112 3216 conqueror

187 3207 273 3256 should
284 3208 380 3266 appoint
392 3207 427 3255 for
437 3208 503 3256 him:

215 3291 223 3314 ¹
234 3282 282 3329 We
293 3281 379 3330 should
390 3292 475 3388 expect
486 3285 525 3330 sit.
557 3283 605 3330 Bnt
615 3283 657 3330 the
669 3282 741 3332 Latin
752 3285 825 3334 idiom
836 3285 857 3334 is
867 3284 926 3334 fond
937 3285 968 3336 of
983 3289 1035 3338 tbe
1051 3289 1113 3338 form

185 3340 416 3460 pf⁵prprrptdiopnbyt
435 3341 588 3398 simperfeot
603 3342 628 3389 in
642 3341 778 3400 dependent
794 3343 897 3394 clauses.
930 3347 985 3398 See
1005 3349 1105 3409 zumpr
