2264 3880
463 256 555 296 arara
575 257 605 298 x.
781 311 787 342 r
932 239 990 296 tut

12 407 13 438 3
75 382 171 422 cerem
189 366 217 422 iu
233 367 335 435 Asiam,
348 366 447 420 multas
464 365 567 418 nobiles
583 373 685 433 gentes,
698 382 826 435 magnam
838 363 894 418 vim
907 363 991 418 honri·

12 491 13 508 ,
75 454 145 492 num
170 437 281 506 imperio
304 453 365 488 meo
395 453 438 489 me
462 435 613 487 additurum
647 451 707 487 esse
739 433 888 504 sperabam.
932 433 992 486 Nec

12 561 13 578 ,
76 507 212 576 deceptos
229 523 298 574 sum,
311 506 382 574 quod
394 505 429 558 dc
442 505 484 557 his
502 504 604 557 credidi
620 503 718 556 laruae.
755 503 807 558 Sed
824 505 858 556 ad
877 503 923 556 illa
940 501 992 556 hoc

12 641 13 650 ἵ
76 592 186 646 quoque
198 577 319 643 accessit,
333 573 404 646 quod
417 574 493 627 video
506 573 587 626 sortes
599 573 669 626 viros
681 591 743 642 erga
760 591 837 642 reges
856 591 917 626 suos
955 573 992 624 ie·

12 689 13 720 ,
77 648 143 700 tatis
155 645 279 698 invictae.
315 645 389 698 Luxu
402 646 492 697 omnia
509 643 593 696 fluere
611 642 786 714 credideram,
800 652 826 696 et
839 644 921 696 nirnia
934 591 991 694 leti-

12 761 13 780 ,
77 717 162 768 citata
175 715 258 784 mergi
271 714 297 767 in
310 714 468 783 voluptates.
504 715 541 766 At
553 711 686 765 hercules¹
699 714 792 766 munia
810 711 922 766 militiae
941 711 992 765 hoc

12 783 13 842 l
78 787 232 838 animorum
255 800 448 863 corporumque
466 783 558 836 robore
577 783 674 852 eeque²
692 782 803 852 impigre
822 781 938 834 toleratis
965 790 993 834 et

12 851 13 908 j
79 871 145 908 cum
163 855 243 908 sortes
260 853 310 906 viri
332 853 397 922 sitis,
418 869 469 906 non
494 852 673 905 fortitudinem
694 853 781 920 magis
809 868 889 922 quam
910 820 993 904 fidem

11 921 13 934 '
79 923 179 978 colitis.
216 923 272 976 Hoc
284 939 334 992 ego
345 940 415 976 nune
427 922 544 1044 primurn
557 922 686 992 profiteor,
700 921 747 974 sed
764 921 826 974 oirn
840 922 903 973 scic.
940 920 993 972 lta·

79 1009 135 1062 que
155 1003 182 1046 et
202 993 336 1046 delectum
358 1009 373 1044 e
393 1010 426 1045 vo
447 993 469 1044 is
487 991 620 1061 juniorum
644 991 734 1058 hebui,
756 1000 783 1044 et
804 1009 851 1044 vos
871 1006 993 1043 meorum

80 1063 198 1116 militum
222 1063 333 1131 corpori³
355 1062 498 1114 immiscui.
546 1061 622 1114 Idem
651 1059 767 1132 habitus,
792 1060 888 1113 eadem
918 1075 993 1112 arma

79 1141 143 1186 sunt
156 1131 244 1185 vobis:
264 1131 422 1200 obsequium
435 1147 496 1183 vero
516 1138 542 1182 et
560 1129 688 1200 patientia
706 1129 809 1199 imperii
829 1131 905 1198 longe
919 1145 993 1198 prue-

11 1253 13 1268 ,
80 1203 191 1255 stantior
202 1211 250 1268 est,
264 1218 345 1270 quarn
358 1201 463 1253 ceteris.
500 1199 570 1267 Ergo
584 1200 641 1268 ipse
653 1199 776 1268 Oxyartis
795 1200 891 1252 Persae
909 1197 994 1251 filiam

11 1269 13 1286 ⁶
79 1287 192 1326 mecum
216 1271 241 1323 in
266 1271 433 1323 matrimonio
459 1269 542 1339 junxi,
566 1286 618 1322 non
648 1268 808 1338 dedignatus
831 1287 865 1322 ex
888 1267 994 1336 captiva

11 1393 12 1404 ,
52 1339 291 1395 «liberostollere.
328 1339 394 1392 Mox
411 1338 507 1392 deinde
525 1355 588 1392 cum
607 1337 715 1407 stirpem
747 1336 995 1390 enerismeiletius

11 1411 12 1426 ¹
80 1427 227 1480 propagare
246 1425 381 1479 cuperem,
394 1425 504 1462 uxorem
522 1407 601 1462 Darei
619 1407 701 1460 filiam
720 1355 993 1477 duxi⁴proximisque

80 1481 228 1532 amicorum
249 1488 341 1532 auctor
361 1476 399 1532 sui
419 1495 452 1532 ex
471 1477 586 1547 captivis
605 1478 750 1546 generandi
765 1447 877 1530 lilrcros:
899 1485 927 1528 ut
943 1475 994 1528 hoc

81 1565 156 1602 sacro
176 1549 284 1602 loedere
303 1565 382 1602 omne
401 1548 545 1601 discrimen
563 1547 628 1600 victi
647 1555 674 1598 et
689 1547 797 1599 victoris
811 1545 994 1599 excluderem.

81 1617 194 1672 Proinde
213 1620 317 1686 genitos
335 1633 395 1670 esse
415 1634 463 1670 vos
480 1616 555 1686 mihi,
576 1633 628 1668 non
648 1616 745 1668 ascitos
763 1615 862 1668 milites
884 1614 993 1666 credite.

81 1689 163 1742 Asiae
187 1697 214 1741 et
238 1689 360 1757 Europae
383 1703 466 1740 unum
489 1694 570 1754 atque
594 1685 667 1738 idem
686 1701 797 1751 regnum
817 1693 866 1736 est.
902 1683 994 1735 Mace·

81 1757 182 1809 donum
206 1758 281 1810 vobis
300 1773 375 1808 arma
395 1756 438 1808 do.
474 1753 624 1808 lnveteravi
644 1752 809 1822 peregrinam
831 1752 996 1820 novitatem,⁶

82 1836 109 1878 et
121 1827 197 1878 cives
214 1827 268 1878 mei
287 1825 352 1878 estis
371 1834 398 1877 et
416 1823 524 1877 milites.
560 1823 655 1877 Omnia
673 1821 788 1884 eundern
808 1823 908 1874 ducunt
927 1821 995 1872 colo·

83 1911 155 1948 rem:
176 1911 225 1946 nee
238 1894 325 1946 Persis
337 1893 518 1946 Macedonum
536 1909 638 1946 morem
656 1891 814 1944 adumbrare
833 1907 884 1944 nec
902 1891 995 1944 Mace·

82 1963 197 2016 donibus
225 1963 321 2015 Persas
349 1962 444 2016 imitari
473 1962 638 2016 indecorum.
682 1959 811 2031 Ejusdem
841 1959 907 2030 juris
935 1975 996 2012 esse

83 2032 191 2101 debent,
204 2032 249 2102 qui
262 2031 312 2084 sub
324 2031 420 2086 eodem
433 2049 495 2100 rege
509 2031 603 2084 victuri
614 2040 677 2084 sunt
713 2032 729 2066 *
767 2031 784 2066 *t
821 2031 838 2066 *t

841 2117 849 2144 Ι

444 2181 634 2216 WPPIHENTUH·

117 2281 183 2344 [Hac
191 2281 298 2331 oratione
306 2278 484 2339 habite,Persis
490 2279 598 2342 corporis
606 2280 643 2328 sui
650 2279 786 2328 custodiam
794 2279 997 2340 credidit,Pcrsas

84 2347 208 2404 satellites,
215 2345 304 2394 Persas
310 2345 460 2408 apparitores
467 2345 532 2394 fecit.
549 2344 722 2408 Perquoscum
730 2345 997 2409 Macedones,thuie

84 2411 197 2462 seditioni
205 2409 358 2460 occasionem
367 2411 498 2470 dedissent,
503 2411 579 2459 vincti
587 2413 618 2459 ad
626 2409 745 2474 supplicia
751 2411 912 2469 traherentur,
920 2427 996 2460 unum

84 2495 115 2527 ex
125 2477 164 2538 iis,
175 2478 318 2526 auctoritate
330 2483 355 2527 et
366 2483 445 2525 aetate
457 2493 566 2541 gravem,
577 2477 609 2524 ad
620 2493 703 2541 regern
715 2476 750 2524 ita
761 2476 869 2525 locutum
881 2476 963 2525 ferunt
971 2479 991 2540 ι]

123 2596 160 2642 13.
179 2590 331 2658 Quousque,
353 2588 444 2657 inquit,
464 2589 553 2640 animo
575 2596 619 2640 tuo
640 2589 721 2640 etiam
741 2603 790 2656 per
809 2587 946 2656 supplicia,
968 2595 996 2642 et

88 2660 196 2728 quidem
217 2658 321 2712 externi
339 2657 439 2725 moris,⁶
458 2656 631 2724 obsequertst
667 2656 769 2710 Milites
790 2657 834 2723 tui,
856 2657 929 2708 cives
950 2655 995 2726 tui,

116 2777 160 2824 ¹ln
172 2775 320 2824 invocatione
332 2773 373 2821 the
385 2771 493 2820 vocative
505 2771 609 2819 Hercule
618 2787 702 2820 occurs
714 2785 780 2818 more
791 2769 936 2830 frequently.

117 2836 213 2896 ²Aeque
222 2837 354 2882 animorum
365 2841 385 2880 et
397 2837 482 2892 (atque)
492 2847 612 2892 corpormn
622 2845 662 2878 are
673 2829 813 2878 connected.

119 2900 127 2923 ³
137 2895 200 2942 llere
209 2910 247 2942 we
256 2892 305 2941 lind
316 2892 358 2940 the
369 2890 480 2951 origines
487 2890 528 2938 the
537 2889 616 2938 words
631 2890 723 2948 ‘corps'
733 2888 780 2937 and
792 2889 963 2948 ‘corporation'
972 2889 996 2937 in

91 2953 189 3002 modern
199 2954 338 3013 languages.
371 2949 458 2999 Cicero
469 2949 527 2996 does
538 2960 580 2996 not
591 2965 634 2996 use
645 2965 728 3010 eorpus
739 2947 764 2996 in
776 2947 824 2996 this
834 2965 906 2998 sense
923 2949 950 2997 of
965 2954 970 2975 ⁶
981 2964 996 2997 a

90 3012 192 3061 division
202 3012 230 3060 ol
242 3012 282 3060 the
310 3009 398 3070 eopla,'
414 3012 455 3057 but
467 3008 577 3067 employs
588 3007 624 3055 lor
634 3008 652 3056 it
662 3010 726 3055 erdo.

119 3077 128 3098 ⁴
138 3071 187 3118 She
199 3086 249 3118 was
260 3027 337 3117 called
348 3069 458 3124 Barsine,
472 3067 683 3135 or,¹sccording·to
694 3065 765 3114 other
775 3066 883 3123 authors,
896 3067 942 3116 had
955 3067 996 3115 the

92 3145 157 3178 same
168 3145 237 3177 name
249 3144 275 3176 as
286 3127 330 3176 her
340 3128 442 3182 mother,
457 3127 553 3174 Statua.
585 3125 685 3174 Curuus
701 3135 767 3173 must
783 3124 844 3173 hare
859 3125 951 3186 spoken
968 3125 996 3174 ol

92 3189 139 3237 this
155 3189 271 3248 marriage
287 3186 375 3240 (which
391 3186 450 3234 took
464 3186 533 3254 place
550 3184 636 3245 during
647 3184 810 3232 Alexander's
821 3195 876 3244 stay
887 3185 911 3232 in
923 3185 994 3241 Susa,

92 3247 151 3298 alter
161 3248 199 3296 his
210 3257 290 3295 return
302 3245 362 3292 srom
374 3245 451 3299 India)
463 3261 486 3292 rn
498 3244 539 3291 the
567 3253 602 3293 art
614 3242 642 3292 of
648 3244 686 3292 his
697 3244 791 3306 history
801 3244 852 3291 thet
865 3244 885 3290 is
895 3244 942 3291 lost
953 3244 995 3291 be-

92 3319 169 3356 tween
180 3307 291 3364 chapters
302 3307 316 3351 6
327 3302 373 3372 and
384 3309 398 3353 7
409 3303 436 3352 os
448 3303 496 3351 this
507 3259 581 3351 boolr.

120 3375 127 3397 ¹
138 3366 203 3414 That
215 3366 244 3418 is.
259 3365 307 3424 ‘by
333 3363 398 3424 rving
409 3375 434 3410 to
445 3379 501 3422 you,
512 3378 561 3410 raw
571 3362 672 3410 recruits
683 3377 710 3410 as
721 3378 769 3422 you
778 3377 826 3417 are,
840 3360 881 3408 the
893 3377 957 3408 arms
965 3360 994 3408 ol

91 3441 130 3486 my
141 3425 180 3473 old
192 3423 294 3472 soldiers
302 3379 343 3469 lde
352 3421 533 3476 Macedoninns,
543 3421 554 3469 Ι
565 3421 625 3468 here
634 3421 704 3469 made
712 3437 760 3482 you
768 3420 808 3470 old
817 3419 918 3468 soldiers
927 3419 995 3468 also.'

117 3496 125 3521 ¹
137 3490 192 3540 The
202 3489 342 3552 supplicium
353 3488 443 3536 atomi
452 3489 522 3535 moris
533 3487 608 3535 refers
619 3496 645 3535 to
654 3486 727 3535 death
738 3487 771 3547 by
777 3484 911 3546 drowning,
922 3499 949 3534 as
958 3497 997 3534 we
