2264 3880
468 256 560 296 arara
582 257 612 296 x.
932 241 992 300 ,Μ

110 365 163 415 had
174 367 236 414 been
245 365 359 428 poisoned
367 367 399 429 by
409 365 490 423 Iollas,
499 365 541 413 the
551 365 630 414 sonos
635 363 771 428 Antipater.
788 365 843 414 The
852 365 992 416 embalmetl
1036 331 1040 350 l

112 432 179 496 body
189 432 212 479 is
223 431 299 479 taken
316 432 349 494 by
360 431 472 494 Ptolemy
483 435 507 478 to
525 429 656 492 Memphis,
668 431 717 480 aud
729 431 870 480 allerwards
882 437 908 480 to
919 432 992 480 Alex·

111 497 211 555 andria,
221 497 303 544 where
315 496 347 544 all
360 496 451 545 honour
463 496 485 543 is
496 496 553 558 paid
565 502 590 545 to
601 497 628 545 it.

8 677 10 688 ,
75 627 178 680 irsoum
199 625 254 678 fere
274 625 371 680 diebus
391 625 520 680 Cleander
540 635 567 678 et
586 624 697 679 Sitalces
717 635 744 679 et
764 643 825 680 cum
847 627 990 696 Agathone

75 696 203 748 Heracon
224 697 419 766 superveniunt,
459 695 486 748 ui
506 695 709 749 Parmenionem
732 695 807 766 jussu
831 697 902 764 regis
921 697 989 750 occi·

8 761 9 768 ’
75 765 182 834 derant,
195 765 312 834 quinque
324 764 397 818 milia
408 713 528 835 politum
548 782 609 818 cum
625 765 760 834 equitibus
771 765 863 818 mille.¹
899 766 950 820 Sed
963 775 990 820 et

76 843 253 886 accusatores
273 851 319 886 eos
337 852 352 886 e
372 834 514 904 provincia,
536 835 579 887 cni
599 833 774 905 praefuerant,
795 835 975 904 sequebantur
982 853 990 905 3

8 925 14 952 t
76 920 131 955 nec
162 911 198 955 tot
227 902 352 973 facinora,
377 912 440 973 quot
468 903 636 972 admiserant,
666 920 838 974 compensare
868 915 991 973 poterant

8 977 9 982 ’
76 971 173 1026 caedis
185 988 313 1041 perquam
326 981 416 1042 gratae
434 973 489 1040 regi
508 973 660 1026 ministerio.
696 973 802 1043 Quippe
820 991 882 1026 cum
900 975 990 1028 omnia

76 1041 190 1110 prolana
202 1041 365 1112 spoliassent,
379 1059 412 1094 ne
426 1043 507 1095 sacris
524 1041 633 1112 quidem
651 1041 851 1114 abstinuerant,2
861 1043 989 1111 virgines·

8 1143 12 1154 ·
76 1127 133 1180 que
159 1120 185 1163 et
208 1111 342 1181 principes
365 1111 532 1181 laminarum,
557 1119 647 1181 stupra
675 1129 825 1182 perpessas,
850 1129 988 1182 corporum

8 1241 10 1248 y
77 1178 195 1232 ludibria
218 1179 360 1233 deflebant.
408 1181 527 1234 Invisum
550 1180 732 1246 Macedonum
755 1199 853 1237 nomen
876 1184 989 1236 avaritia

77 1265 174 1302 eorum
186 1266 218 1300 ac
230 1249 311 1301 libido
322 1249 443 1302 barbaris
455 1249 562 1302 lecerat.
598 1249 669 1302 Inter
680 1267 774 1304 omnes
785 1260 875 1306 tamen
888 1253 989 1306 emine·

8 1375 9 1380 ,
78 1318 126 1372 bat
139 1317 263 1370 Cleandri
279 1319 356 1388 furor,
369 1320 415 1388 qui
427 1319 544 1372 nobilem
557 1319 686 1388 virginem
703 1330 899 1391 constupratam
912 1339 990 1374 servo

77 1404 127 1440 suo
151 1387 277 1456 pellicem
296 1387 414 1440 dederat.
458 1389 581 1458 Plerique
601 1388 748 1444 amicorum
768 1391 911 1444 Alexandri
936 1409 988 1444 non

79 1467 136 1510 tam
155 1457 305 1526 criminum,
318 1474 388 1538 quae
405 1457 492 1527 palam
511 1458 708 1527 objiciebantur,
721 1461 893 1530 atrocitatem,
907 1477 989 1530 qnam

78 1527 238 1580 memoriam
255 1529 336 1579 occisi
354 1543 401 1596 per
419 1527 478 1580 illos
495 1528 686 1597 Parmenionis,
706 1529 775 1599 quod
794 1531 914 1584 tacitum³
932 1549 989 1600 pro-

78 1596 159 1649 desse
183 1595 235 1648 reis
255 1595 325 1666 apud
344 1613 436 1664 regem
455 1606 564 1666 poterat,
586 1597 761 1666 intuebantur,
784 1598 846 1651 laeti
865 1600 990 1654 recidisse

79 1666 145 1718 iram
167 1666 193 1718 in
213 1665 268 1718 irae
287 1666 428 1735 ministros,
448 1683 499 1718 nec
518 1665 601 1718 ullam
619 1666 767 1735 potentiam
787 1667 889 1720 scelere
909 1685 989 1737 qnae-

78 1735 160 1788 sitam
173 1735 299 1804 cuiquam
311 1753 370 1787 esse
384 1735 544 1787 diuturnam.
580 1737 638 1788 Rex
655 1735 760 1804 cognita
778 1753 859 1794 causa
877 1753 989 1808 pronun·

79 1805 164 1874 tiavit,
179 1804 214 1856 ab
233 1804 431 1856 accusatoribus
449 1821 531 1858 unum
553 1812 578 1856 et
595 1804 622 1858 id
640 1805 789 1858 maximum
809 1805 909 1859 crimen
930 1824 989 1860 esse

79 1874 263 1944 praeteritum,
288 1871 502 1942 desperationem
526 1872 620 1925 salutis
643 1891 707 1926 suae
716 1877 735 1925 :⁴
757 1891 892 1944 nunquam
917 1877 990 1930 enim

81 1941 144 1994 talia
167 1943 296 2010 ausuros,⁵
318 1942 363 2010 qui
386 1942 474 2010 ipsum
490 1959 528 1994 ex
548 1941 622 1994 India
642 1943 768 2012 sospitem
788 1953 834 1996 aut
854 1961 869 1995 o
890 1955 989 1998 tassent

8 2035 11 2044 =
32 2050 35 2060 .
81 2012 183 2076 reverti,
197 2019 244 2062 aut
256 2009 430 2062 credidissent
449 2027 623 2064 reversurum.
659 2011 741 2079 Igitur
752 2012 801 2065 hos
812 2014 856 2082 qui
878 2030 921 2066 em
934 2015 989 2068 vin·

8 2117 11 2129 ,,
81 2080 126 2148 xit,
140 2081 184 2132 DC
194 2089 287 2132 autem
299 2078 432 2148 militum,⁰
444 2080 488 2148 qui
501 2081 628 2132 saevitiae
641 2097 733 2135 eorum
750 2083 863 2135 ministri
877 2083 988 2153 fuerant,

68 2176 70 2180 ·
81 2149 191 2202 interfici
201 2149 287 2218 jussit.
318 2147 420 2202 Eodem
429 2149 473 2200 die
483 2159 619 2218 sumptum
626 2159 667 2203 est
676 2151 834 2220 supplicium
844 2150 878 2204 de
888 2153 919 2204 iis
927 2169 990 2221 quo·

81 2235 141 2288 que,
155 2235 221 2288 quos
232 2227 354 2271 auctores
365 2217 521 2272 defectionis
534 2220 673 2274 Persarum
686 2221 809 2274 Craterus
820 2221 975 2276 adduxerat.

116 2292 140 2339 2.
160 2287 238 2340 Haud
256 2287 338 2342 multo
356 2297 413 2358 post
430 2288 570 2342 Nearchus
581 2299 608 2342 et
621 2289 790 2359 Onesicritus,
803 2307 869 2360 quos
887 2291 990 2360 longius

82 2359 107 2410 in
128 2357 263 2410 Oceanum
284 2358 426 2426 procedere
448 2355 570 2427 jusserat,
592 2361 789 2429 superveniunt.
824 2361 989 2414 Nuntiabant

80 2435 171 2480 autem
183 2427 316 2495 quaedam
334 2427 432 2495 audita,
446 2427 498 2480 alia
510 2439 661 2498 comperta:
683 2428 798 2482 insulam
816 2431 883 2482 ostio
900 2431 989 2483 amnis

81 2495 229 2566 subjectam
252 2514 314 2550 auro
334 2495 478 2566 abundare,
499 2499 606 2568 inopem
626 2515 755 2567 equorum
775 2515 851 2552 esse:
873 2498 989 2566 singulos

81 2583 126 2618 eos
148 2567 183 2620 ab
207 2568 245 2635 iis,
271 2567 317 2636 qui
340 2582 375 2618 ex
398 2566 542 2620 continenti
572 2567 692 2636 trajicere
719 2566 855 2637 auderent,
879 2568 989 2634 singulis

8 2631 11 2674 ἶ
82 2635 185 2688 talentis
203 2636 265 2689 emi.
302 2635 416 2689 Plenum
433 2652 492 2688 esse
511 2635 649 2688 beluarum
668 2653 756 2688 mare:
777 2647 854 2688 aestu
870 2635 989 2690 secundo

110 2755 182 2802 ¹The
198 2755 300 2802 number
316 2753 344 2802 ol
355 2753 396 2801 the
413 2763 495 2822 troops
508 2753 588 2802 which
605 2753 647 2802 the
661 2754 772 2816 generals
789 2755 836 2804 hed
846 2755 918 2817 along
928 2757 988 2806 with

83 2813 146 2864 thern
158 2814 179 2862 is
190 2813 246 2862 here
259 2812 342 2872 placed
354 2813 378 2860 in
389 2824 523 2872 apposrtron
535 2824 559 2860 to
571 2814 633 2862 their
644 2829 736 2862 names.

109 2873 224 2921 'Sacrum
235 2882 255 2920 et
262 2873 397 2934 profanam,
411 2873 508 2941 exactly
520 2873 561 2920 the
578 2873 681 2933 English
695 2873 793 2922 ‘sacred
808 2873 855 2921 and
869 2873 985 2937 prolane‚'

83 2945 120 3002 are
131 2931 236 2989 opposed
252 2942 277 2979 to
292 2932 352 2982 each
368 2932 438 2980 other
449 2944 515 2991 quite
532 2932 613 2990 inthe
626 2947 693 2980 sams
705 2947 761 2992 way
771 2935 924 2995 republican
940 2933 987 2982 and

8 3023 9 3070 l
81 2999 339 3097 prllallllllientioned!
375 3047 481 3098 Tacitum
491 3065 548 3155 may
558 3050 588 3097 ba
599 3049 677 3098 either
695 3049 763 3098 ‘that
774 3049 855 3100 which
870 3051 929 3102 does
944 3059 987 3100 not

8 3103 9 3134 t
168 3108 174 3129 r
227 3112 233 3132 ι
349 3108 355 3117 ·
399 3108 404 3116 ·
621 3109 628 3131 r

8 3167 9 3198 i
84 3107 295 3225 apllllll'hllrgivlllllgt
303 3107 418 3224 tlihtlcfhall
427 3119 579 3235 goldesclllniltll
587 3108 642 3234 ¹illm
654 3167 684 3216 he
696 3167 777 3217 would
787 3170 879 3218 remain
890 3168 969 3218 alive'

111 3224 176 3272 'For
190 3241 291 3272 unsaros
300 3225 384 3285 subse
391 3242 402 3280 ,·
419 3241 434 3272 a
448 3241 500 3274 rare
515 3226 616 3286 ellipsis,
629 3227 695 3275 since
712 3228 809 3290 usually
824 3229 883 3289 only
899 3246 949 3278 cere
964 3228 986 3278 is

83 3283 181 3332 omitted
191 3283 215 3330 in
226 3283 267 3330 the
277 3281 356 3331 future
368 3283 484 3332 infinitive
496 3286 583 3341 active,
595 3285 640 3334 and
651 3285 741 3346 perfect
751 3288 868 3337 infinitiva
879 3287 984 3347 passive.

84 3343 112 3392 lu
121 3343 160 3390 the
172 3341 246 3390 direct
258 3342 348 3401 speech
363 3343 404 3390 the
421 3353 536 3392 sentence
547 3344 628 3393 would
640 3345 700 3395 hare
717 3349 779 3396 been
789 3363 911 3410 nunquam
925 3347 985 3398 tolio

84 3403 229 3457 emicarent,
242 3401 265 3448 ei
274 3409 401 3462 optassem,
415 3401 463 3451 dac.

110 3465 118 3492 ⁸
128 3459 181 3510 The
193 3459 303 3522 partitive
314 3460 420 3522 genitive
432 3461 494 3530 efter
503 3461 625 3512 numerals
636 3463 657 3514 is
671 3473 715 3514 not
730 3465 875 3527 unfrequeut
885 3464 910 3513 iu
922 3462 984 3514 Cur·

84 3521 136 3570 tius
166 3520 222 3577 See,
235 3517 272 3568 lor
281 3519 403 3580 example,
415 3535 448 3570 rt.
461 3525 496 3570 19.
