2410 3890
526 243 617 282 marra
638 243 656 282 v
993 225 1047 281 tat

143 349 261 419 contrahi
272 349 356 420 jussit.
392 352 538 404 Accessere
546 350 580 402 ad
592 350 659 402 hanc
671 351 800 420 pecuniae
812 365 955 419 summam,
964 349 1050 418 captis

144 419 319 488 Persagadis,¹
331 437 377 474 sex
390 420 463 472 milia
475 420 610 474 talentum.
646 419 731 488 Cyrus
748 419 938 487 Parsagadum²
956 418 1050 473 urbem

144 489 304 558 condiderat,
316 505 397 558 quam
410 489 560 542 Alexandro
572 488 722 558 praefectus
733 489 791 558 ejus
802 490 921 542 Gobares
933 487 1048 542 tradidit.

180 563 221 612 21.
240 559 296 612 Rex
314 575 403 612 arcem
423 557 578 627 Persepolis,
595 557 633 610 111
653 557 761 611 milibus
779 558 956 611 Macedonum
976 573 1049 626 prae·

146 628 211 682 sidio
231 627 335 697 relictis,
355 627 534 681 Nicarchiden
553 627 621 679 tueri
638 627 727 696 jubet:
752 625 852 678 Trideti
871 643 984 695 quoque,
1004 625 1050 695 qui

145 714 239 766 gazam
260 695 409 765 tradiderat,
430 705 550 748 servatus
570 707 609 748 est
631 695 720 764 honos,
740 711 819 764 quem
843 695 912 764 apud
934 695 1050 748 Dareum

146 767 290 820 habuerat:
320 781 469 834 magnaque
493 765 626 818 exercitus
647 773 720 834 parte
744 773 770 816 et
793 763 991 833 impedimentis
1013 763 1050 816 ibi

147 835 250 902 relictis,
264 835 435 896 Parmeniona
447 835 635 904 Craterumque
647 833 783 904 praefecit.
819 833 879 902 lpse
897 850 958 886 cum
977 831 1050 885 mille

147 903 280 973 equitibus
291 904 463 972 peditumque
475 902 600 971 expedita
612 919 692 955 manu
711 902 861 955 interiorem
880 901 994 956 Persidis
1012 917 1051 954 re·

167 973 252 1025 'onem
273 972 323 1026 sub
343 973 428 1042 ipsum
450 970 623 1040 Vergiliarum
640 971 723 1026 sidus³
742 971 824 1041 petiit,
840 971 983 1039 multisque
1004 970 1051 1022 im·

168 1042 238 1095 ribus
258 1051 284 1094 et
304 1057 384 1110 prope
408 1039 565 1094 intolerabili
588 1050 746 1110 tempestate
770 1048 888 1106 vexatus,
909 1038 1050 1109 procedere

148 1120 247 1179 tamen,
265 1127 316 1179 quo
337 1110 491 1178 intenderat,
511 1111 698 1179 perseveravit.
735 1110 851 1164 Ventum
872 1120 928 1162 erat
947 1108 981 1162 ad
1002 1108 1051 1160 iter

184 1180 284 1250 rpetuis
295 1179 419 1233 obstitum
432 1179 545 1246 nivibus,
555 1195 623 1247 quas
634 1178 737 1247 frigoris
745 1179 785 1231 vis
796 1179 857 1247 gelu
868 1177 1050 1232 adstrinxerat.

148 1195 277 1302 iiioomm
290 1248 395 1318 squalor
407 1257 433 1302 et
446 1247 601 1300 solitudines
620 1249 706 1300 inviae
724 1247 863 1316 fatigatum
877 1247 990 1300 militem
1002 1257 1051 1300 ter-

150 1317 249 1386 rebant,
271 1316 447 1370 humenarum
468 1333 554 1370 rerum
578 1318 703 1370 terminos
725 1334 755 1370 ss
775 1317 865 1369 videre
889 1315 1051 1373 credentem.

149 1387 244 1440 Omnia
257 1395 332 1439 rasta
347 1395 427 1456 atque
445 1386 501 1440 sine
520 1385 573 1438 ullo
591 1385 701 1439 humani
719 1385 807 1440 cultus
823 1385 933 1454 vestigio
950 1385 1053 1439 attoniti

150 1455 326 1524 intuebantur,
339 1463 373 1523 et,
387 1463 530 1524 antequam
542 1454 589 1507 lux
599 1471 705 1534 quoque
717 1454 860 1508 stenelum
873 1455 943 1524 ipsos
955 1455 1052 1508 datico·

151 1537 215 1594 rem,
239 1525 334 1577 reverti
356 1523 493 1594 jubebant.
528 1524 586 1578 Rex
608 1533 737 1592 castigare
763 1523 866 1576 territos
890 1523 1051 1593 supersedit:

150 1601 270 1648 ceterum
282 1595 339 1663 ipse
352 1609 420 1663 equo
431 1592 543 1661 desiluit,
557 1592 693 1662 pedesque
705 1609 752 1664 per
766 1593 842 1646 nives
859 1601 886 1645 et
903 1600 1053 1646 concretam

168 1661 265 1716 taciem
274 1662 375 1730 ingredi
384 1663 479 1732 coepit.
512 1661 680 1716 Erubuerunt
689 1677 738 1715 non
748 1663 832 1731 sequi,
841 1661 956 1730 primum
965 1660 1052 1730 amici,

150 1679 247 1784 deinde
265 1747 295 1784 co
315 1732 400 1784 iamrn
417 1731 507 1800 duces,
520 1729 554 1784 ad
567 1730 691 1784 ultimum
709 1731 822 1784 milites:
842 1731 996 1800 primusque
1007 1745 1054 1784 rex

150 1799 259 1854 dolabra
275 1749 389 1868 giticiem
407 1800 577 1870 perfringens,
591 1800 641 1852 iter
658 1798 708 1852 sibi
721 1799 800 1852 fecit:
819 1800 973 1870 exemplum
986 1798 1055 1867 regis

149 1870 233 1923 ceteri
263 1868 359 1922 imitati
386 1878 455 1922 sunt.
489 1869 612 1922 Tandem
640 1867 831 1938 propemodum
861 1869 947 1921 invias
974 1868 1054 1922 silves

150 1939 261 2007 emensi,
275 1937 384 1992 humani
402 1939 489 1991 cultus
507 1953 564 1990 rara
575 1937 686 2005 vestigia
698 1945 725 1990 at
737 1938 836 2006 passim
849 1946 965 1989 errantes
977 1951 1054 2058 ptoc-

151 2025 207 2062 rum
220 2023 314 2076 greges
326 2023 479 2076 repperere:
499 2014 526 2059 et
544 2006 653 2067 incolae,
671 2006 718 2075 qui
737 2005 835 2075 sparsis
852 2005 964 2074 tuguriis
1016 2005 1054 2060 bi·

152 2077 248 2145 tabant,
262 2093 324 2129 cum
337 2093 366 2128 se
378 2075 490 2130 callibus
501 2075 578 2130 inviis
589 2084 678 2144 septos
689 2092 750 2128 asse
762 2073 943 2142 credidissent,
953 2083 981 2128 ut
993 2089 1053 2128 oon-

151 2162 261 2215 spexere
282 2145 397 2200 hostiurn
414 2159 519 2214 agmen,
542 2145 687 2198 interfectis
707 2145 754 2214 qui
776 2143 898 2198 comitari
920 2143 1055 2212 fugientes
1088 2177 1093 2188 .

151 2232 202 2269 non
222 2222 349 2286 poterant,
370 2214 461 2268 devios
481 2223 584 2268 montes
604 2222 631 2267 et
651 2213 758 2268 nivibus
777 2214 877 2268 obsitos
895 2215 1053 2284 petiverunt.

151 2283 216 2338 Inde
239 2301 287 2353 per
309 2283 439 2363 colloquia
461 2285 625 2353 captivorum
647 2283 774 2353 paulatim
798 2282 904 2338 feritate
926 2283 1053 2404 mitiqpta,

151 2352 282 2406 tradidere
293 2369 322 2406 se
335 2370 398 2422 regr.
433 2354 491 2406 Nec
509 2354 535 2406 in
553 2353 656 2406 deditos
672 2353 780 2421 gravius
794 2351 953 2406 consultum.
1011 2367 1052 2404 as·

108 2453 115 2466 ·
151 2423 213 2475 tatis
232 2422 294 2476 iude
313 2423 383 2490 agris
404 2422 526 2492 Persidis,
547 2422 598 2474 vici
631 2439 665 2474 ue
685 2422 866 2492 compluribus
890 2421 1004 2476 redactis
1026 2419 1054 2472 iu

151 2499 316 2561 potestatem,
330 2502 439 2544 ventum
456 2501 496 2544 est
514 2491 539 2544 in
557 2439 722 2544 Maidomnu
739 2499 847 2560 gentem
859 2489 1015 2543 bellicosam
1026 2495 1054 2541 et

150 2561 264 2614 multum
276 2577 292 2612 a
304 2561 399 2613 ceteris
411 2561 498 2614 Persis
509 2559 581 2612 cultu
596 2560 664 2611 ritae
682 2559 876 2612 abhorrentem.
913 2559 1014 2628 Specus
1027 2557 1054 2610 in

150 2627 284 2684 montibus
296 2629 404 2697 fodiunt,
418 2629 444 2681 in
456 2644 522 2697 quos
533 2630 626 2697 seque⁵
641 2645 673 2680 ac
691 2628 818 2697 conjuges
835 2635 863 2680 et
880 2627 977 2680 liberos
993 2641 1053 2678 cou-

149 2699 230 2751 dunt:
256 2715 381 2767 pecorum
401 2707 447 2751 aut
467 2696 581 2750 ferarum
602 2713 680 2749 carne
699 2705 848 2750 vescuntur.
884 2697 926 2749 Ns
946 2694 1055 2748 feminis
1080 2715 1083 2722 ·

149 2767 257 2836 quidem
281 2784 327 2836 pro
351 2777 460 2820 namrae
484 2765 576 2819 habitu
599 2765 717 2818 molliora
737 2765 843 2834 ingenia
861 2773 937 2818 sunt:
962 2780 1054 2820 comae

149 2837 296 2904 prominent
320 2835 412 2905 hirtas,
433 2835 516 2888 vestis
539 2851 618 2904 super
639 2851 727 2903 genua
750 2843 805 2888 est:
831 2833 912 2888 funda
935 2833 1054 2889 vinciunt

178 2939 252 2988 ¹'1'he
263 2939 329 2988 chief
340 2951 406 2989 town
418 2942 441 2988 in
453 2941 545 2997 Persis,
557 2949 615 2988 next
626 2949 651 2987 to
662 2939 807 3000 Persepolis.

177 2997 295 3046 ²Instead
305 2999 333 3046 of
344 2999 554 3068 Perrcgodorum
573 2999 619 3046 See
633 2998 712 3046 Grata.
724 2999 738 3050 l
749 3001 786 3054 54,
799 3005 856 3046 note
866 3001 889 3045 5.
978 3057 983 3067 Ι

178 3061 187 3085 ⁸
199 3057 296 3104 ‘About
304 3057 344 3126 the
351 3067 409 3106 trme
417 3057 446 3107 of
452 3057 631 3127 ,thePlemdesI
650 3057 698 3126 We
707 3073 746 3105 are
753 3067 794 3104 not
803 3056 854 3104 told
861 3057 971 3106 whether
976 3066 995 3105 rt
1003 3071 1058 3106 m

149 3113 974 3245 :ttttlttttttttttttttt'ttttttttr..lttztttttt'ttt
984 3117 1056 3224 tt:

177 3234 222 3282 *Α
242 3233 303 3280 tribe
322 3232 415 3282 borderr
467 3249 497 3282 on
515 3235 556 3283 the
577 3233 699 3304 Parsiana,
716 3233 763 3282 aud
781 3234 868 3283 rudeed
887 3232 1038 3282 rectionedb

150 3291 289 3342 Herodotus
304 3301 415 3352 amongst
432 3302 440 3338 t
459 3308 506 3342 sm.
537 3293 592 3341 'l'he
608 3293 687 3341 Mardr
698 3308 765 3341 seem
776 3302 817 3340 not
829 3293 926 3362 tohave
937 3291 970 3340 all
980 3291 1034 3339 dave

150 3351 270 3414 together,
282 3359 306 3399 at
317 3348 378 3418 least
390 3365 426 3398 we
437 3350 485 3399 find
496 3351 578 3400 others
588 3351 681 3400 further
690 3361 750 3400 east.
782 3351 829 3400 See
840 3367 872 3400 vr.
886 3355 921 3400 ts.

153 3408 499 3522 Gssoqtllrpzvalrroppprodes
509 3409 538 3458 of
543 3411 686 3472 expressing
694 3410 743 3460 this
752 3409 811 3467 kind
818 3409 847 3460 of
853 3407 1003 3467 connection,
1012 3420 1057 3460 κο

227 3504 233 3517 Ι
314 3503 320 3526 ,
349 3502 356 3525 j
427 3503 433 3516 Ι
