2314 3886
171 217 229 272 258
438 227 478 268 ca
501 227 609 270 esame
630 221 814 271 crannum.

172 341 267 408 fecero,
280 337 432 408 viderisque
444 353 489 390 me
508 337 537 391 in
555 335 646 390 medio
657 334 750 388 ardore
766 332 936 401 certaminis,
951 334 1012 404 ipss
1023 335 1073 388 dax·

172 421 241 464 trum
264 410 362 477 move‚¹
386 417 413 460 et
433 407 545 460 turbatis
564 406 640 474 signo
659 404 736 458 inser.
772 405 812 456 Tu
838 403 995 471 Antigene⁵
1010 415 1036 458 et
1052 415 1073 457 tr

171 481 359 548 Leonnate‚'et
377 479 489 544 Tauron,
509 474 676 529 invehemini
694 473 722 527 in
739 473 861 527 mediam
878 474 986 542 aciem,
1000 484 1026 527 et
1043 491 1073 527 ur·
1110 476 1111 568 l

170 547 268 618 gebitis
285 547 407 600 frontem.
444 547 542 599 Hastae
560 555 664 598 nostrae
683 543 842 616 praelongae
861 552 888 595 et
902 544 1017 596 validae
1033 561 1072 597 uon

169 618 237 671 alias
254 617 339 686 magis
356 633 436 686 quarn
454 615 583 668 adversus
599 613 693 667 beluas
710 621 879 681 rectoresque
899 629 1001 666 earum
1025 614 1073 667 utri

170 704 229 742 esse
241 695 362 756 poterunt
373 705 379 740 :
391 685 529 738 deturbate
541 699 595 752 eos,
603 683 649 753 qni
661 683 800 751 vehuntur,
810 692 837 733 et
850 682 926 750 ipsae
938 683 1071 736 confodite.

172 759 277 826 Anceps
294 773 379 824 genus
396 754 484 808 auxilii
503 761 551 823 est,
564 753 629 806 etin
642 753 803 806 suosacrius
815 750 885 803 furit.
926 753 958 804 In
979 751 1072 806 hasten

169 826 240 880 enirn
253 827 372 895 imperio,
386 825 411 877 in
425 839 486 876 suos
503 838 599 892 pavore
610 822 703 890 agitur.
738 822 813 874 Haeo
829 819 957 874 elocutus
969 823 1073 874 concitat

169 913 267 966 equum
286 896 402 964 primus5
424 893 542 962 jamque,
561 900 591 944 ut
614 891 777 944 destinatum
799 898 864 956 erat,
883 890 1027 944 invaserat
1044 909 1074 944 cr·

168 965 246 1018 dines
267 963 391 1030 hostium,
415 977 477 1014 curn
501 962 606 1014 Coenus
628 961 729 1030 ingenti
751 960 779 1012 ri
802 959 827 1011 in
852 957 981 1012 laevum⁸
1004 978 1074 1013 cornu

169 1033 308 1088 invehitur.
345 1031 463 1086 Phalanx
486 1047 591 1100 quoque
614 1030 734 1084 mediam
763 1028 888 1082 Indorum
913 1031 1009 1083 aciem
1032 1047 1074 1084 um

168 1104 268 1174 impetu
282 1103 405 1172 perrupit.

202 1177 244 1226 49.
264 1175 300 1226 At
323 1171 413 1240 Porus,
439 1185 491 1239 qua
513 1168 632 1238 equitem
653 1168 745 1221 invehi
767 1175 893 1235 senserat,
916 1167 1018 1222 beluas
1039 1169 1075 1238 agi

166 1240 257 1311 jussit:
276 1239 323 1293 sed
341 1240 447 1292 tardum
464 1246 491 1290 et
508 1253 593 1306 paene
606 1237 742 1292 immobile
754 1235 854 1290 animal
864 1251 1004 1304 equorum
1015 1240 1076 1291 velo

168 1310 276 1362 citatem
294 1325 408 1388 aequare
425 1323 476 1361 non
530 1315 603 1360 terat.
641 1308 683 1360 Ne
703 1307 860 1376 sagittarum
878 1305 998 1386 quidem
1015 1308 1076 1361 ullus
1112 1329 1113 1362 r

168 1387 224 1431 erat
240 1378 359 1432 barbaris
376 1393 448 1430 usus.
483 1323 588 1446 &hippo
606 1375 698 1444 longas
714 1383 741 1428 et
752 1391 922 1446 praegraves,
938 1378 994 1430 nrsi
1013 1380 1078 1447 prius

167 1449 193 1500 in
211 1455 281 1500 terra
293 1453 437 1501 statuerent
455 1461 554 1515 arcum,
567 1443 640 1498 haud
658 1445 722 1497 satis
739 1455 801 1514 epte
819 1453 846 1498 et
863 1446 1017 1500 commode
1033 1447 1077 1500 inr-

167 1524 281 1588 ponunt:
301 1524 358 1569 turn
376 1516 457 1568 humo
475 1513 585 1580 lubrica,
604 1523 632 1567 et
648 1513 683 1567 ob
701 1513 729 1567 id
747 1514 913 1584 impediente
933 1517 1079 1583 conatam,l

167 1586 308 1640 molientes
319 1585 395 1654 ictus,
408 1585 543 1638 celeritate
562 1584 679 1637 hostiurn
696 1591 866 1654 occupantur.
903 1582 980 1652 Ergo
996 1595 1078 1656 spreto
1113 1576 1114 1622 l

167 1656 238 1723 regis
249 1654 358 1726 imperio
371 1653 451 1726 (quod
464 1653 520 1706 iere
538 1652 575 1721 fit,
588 1652 635 1705 ubi
652 1652 765 1706 turbatis
781 1654 869 1705 acrius
886 1662 984 1706 metus
1002 1671 1080 1725 quem

166 1725 221 1778 dux
240 1725 370 1794 imperare
388 1725 493 1793 eoepit),
514 1721 624 1774 totidem
647 1733 724 1774 amnt
741 1722 777 1775 im
815 1729 922 1790 ratores,
946 1735 1019 1792 quot
1042 1741 1079 1792 ag·

166 1794 240 1847 mina
262 1793 393 1847 errabant.
429 1791 505 1845 Alius
527 1791 637 1862 jungere
655 1791 752 1862 aciem,
770 1791 839 1844 ciue
855 1790 996 1862 dividere,
1017 1803 1081 1848 stara

165 1861 284 1934 quidam,
309 1871 336 1916 at
358 1860 476 1915 nonnulli
500 1860 663 1914 circumvehi
686 1868 761 1928 terga
789 1858 906 1915 hortium
939 1861 1080 1930 jubebant.

166 1932 241 1986 Nihil
264 1932 292 1986 in
311 1931 431 1986 medium
451 1929 644 1984 consulebatur.
681 1930 763 1982 Porus
780 1937 871 1984 tamen
889 1945 956 1984 curn
976 1934 1080 2001 paucis

166 2001 263 2070 quibua
280 2011 354 2055 metu
371 2001 454 2080 potior
471 1999 557 2052 fuerat
574 1999 664 2069 pudor,
683 1998 808 2067 colligere
825 1998 970 2068 dispersos,
986 2001 1083 2055 obvius
1114 2005 1115 2036 ³

167 2069 236 2122 hosti
255 2071 292 2122 ire
347 2078 403 2139 rgrt,
416 2068 623 2148 elephantosque
634 2075 696 2122 ante
708 2083 804 2136 agmen
817 2082 924 2121 suornm
937 2070 987 2137 agi
998 2071 1082 2141 juber.

166 2138 295 2206 Magnum
334 2138 411 2190 elnae
432 2138 548 2207 inJeeere
567 2146 700 2206 terrorem,
717 2137 891 2207 insolitusque
910 2138 1017 2193 stridor
1038 2157 1083 2194 non

166 2223 249 2276 equos
276 2205 362 2275 modo,
381 2215 438 2259 tam
466 2206 591 2276 pavidum
621 2205 655 2260 ad
684 2205 775 2259 omnia
803 2206 909 2275 animal,
933 2208 986 2262 sed
1016 2211 1085 2262 viros

166 2291 271 2344 quoque
283 2275 440 2344 ordinesque
453 2275 610 2328 turbaverat.
646 2275 707 2330 Jam
726 2275 805 2343 fugae
823 2276 1084 2346 circumspiciebant

166 2343 254 2396 locum
277 2343 355 2413 paulo
383 2351 445 2396 ante
473 2344 602 2424 victoresq
631 2361 694 2398 cum
716 2345 868 2398 Alexander
889 2346 1033 2412 Agrianos
1061 2361 1084 2400 et

165 2412 283 2466 Thracas
294 2412 389 2466 leviter
399 2419 521 2482 annates,
534 2412 672 2482 meliorem
686 2415 893 2468 concursatione⁸
904 2431 993 2482 quam
1014 2435 1084 2471 eom·

165 2483 254 2536 minus
264 2482 384 2552 militem,
397 2481 486 2536 emisit
503 2482 530 2536 in
546 2481 650 2537 beluas.
685 2484 824 2552 lugentem
841 2482 870 2536 hi
887 2483 945 2536 vim
965 2487 1084 2540 telorum

166 2551 282 2622 injeoere
302 2561 329 2606 et
347 2551 496 2622 elephantis
517 2561 545 2606 et
568 2551 721 2621 regentibus
738 2569 793 2606 eos.
829 2551 951 2606 Phalanx
970 2571 1085 2626 quoque

164 2622 261 2676 instare
279 2629 429 2692 constanter
449 2620 544 2674 territis
563 2621 658 2691 coepit.
694 2621 746 2675 Sed
764 2621 872 2690 quidam
891 2621 1007 2678 aridius
1028 2643 1085 2695 per·

164 2692 247 2745 secuti
271 2691 364 2746 beluas
387 2691 414 2744 in
437 2699 523 2744 semet
545 2689 680 2744 imitavere
699 2689 861 2745 vulneribus.
896 2689 999 2746 Obtriti
1023 2709 1085 2763 ergo

164 2761 277 2830 pedibus
293 2777 385 2815 aarum
403 2760 505 2830 ceteris,
517 2767 547 2812 ut
563 2759 668 2829 parcius
684 2759 819 2829 instarent,
838 2759 913 2814 luere
930 2761 1086 2818 documen·

193 2911 200 2933 ¹
210 2905 273 2953 ‘Put
284 2905 325 2974 the
336 2907 399 2968 right
408 2906 474 2968 wing
483 2905 512 2955 os
517 2905 559 2955 the
569 2921 657 2968 enemy
665 2907 689 2956 in
698 2907 789 2956 motion
797 2908 814 2966 ;’
827 2907 878 2956 that
890 2908 920 2966 is,
931 2913 941 2972 .‘
948 2912 1045 2961 attach
1057 2913 1084 2967 it.

164 2963 210 3012 aud
221 2963 284 3012 force
296 2975 313 3012 rt
324 2973 349 3014 to
359 2966 449 3014 retire.’

191 3038 247 3086 “As
258 3048 283 3084 to
294 3037 342 3086 this
352 3037 471 3095 vocative,
484 3052 525 3086 see
539 3037 618 3088 Graan.
630 3037 644 3090 i
655 3043 692 3098 to,
706 3043 728 3088 3.

192 3106 345 3169 ³Acoording
355 3118 381 3157 to
392 3109 458 3157 what
468 3108 512 3157 has
523 3124 584 3170 gone
596 3109 686 3167 before,
700 3110 718 3158 it
729 3109 817 3160 should
826 3112 857 3161 be
867 3115 987 3164 amram.

190 3180 280 3229 “The
291 3182 365 3230 strain
373 3182 390 3240 3’
403 3181 509 3242 namely,
522 3180 547 3230 in
557 3182 665 3244 drawing
674 3182 716 3232 the
727 3185 791 3232 bow.

191 3253 365 3304 ’Concursotio
379 3253 483 3303 iswhen
497 3264 547 3301 two
562 3254 650 3312 parties
666 3257 724 3304 rush
739 3255 856 3317 srrriously
912 3256 963 3306 inst
974 3273 1031 3310 one
1043 3277 1085 3312 au-

161 3311 245 3369 ctlrer3
257 3313 300 3359 but
311 3311 329 3359 it
340 3311 448 3379 includes
458 3311 510 3361 also
519 3327 535 3358 a
544 3312 695 3362 tumultuans
705 3315 764 3364 rush
774 3315 851 3374 bacin
863 3331 887 3364 w
905 3331 978 3368 ereas
988 3336 1009 3370 a
1019 3319 1087 3384 figur

162 3368 341 3418 hand-to·httnd
351 3385 372 3418 rs
383 3385 397 3418 a
407 3371 499 3418 stohilie
506 3386 596 3430 pagna.
