2410 3890
548 251 639 290 ursan
658 250 677 289 v
873 309 880 322 ἱ
1014 235 1068 290 113

162 355 222 408 Nec
239 355 267 408 id
286 356 464 410 miserrimum
481 356 590 410 fortibus
609 357 670 412 viris
687 367 750 428 erat,
767 359 815 412 sed
833 359 902 428 quod
921 357 995 412 inulti
1013 358 1068 426 qui·

162 424 236 476 dem¹
255 423 371 478 ferarum
392 425 442 478 ritu
460 427 532 480 velut
555 426 581 479 in
605 428 682 478 lovea
705 427 864 496 deprehensi
885 429 1065 480 caederentur.

162 493 204 546 lra
221 494 299 562 igitur
318 496 345 546 in
362 493 463 548 rabiem
483 513 566 566 versa,
586 497 731 548 eminentia
748 507 813 550 saxa
830 497 969 566 complexi,
988 506 1015 548 ut
1033 495 1067 548 ad

162 561 266 615 hostem
284 564 458 632 pervenirent,
476 565 544 617 alius
560 565 644 618 alium
662 565 782 618 levantes
799 565 959 618 conabantur
976 581 1067 618 ascen-

162 632 234 684 dere.
272 632 312 684 Ea
331 633 395 702 ipsa,
417 633 559 687 multorum
580 631 659 688 simul
677 634 801 686 manibus
821 644 939 704 correpta
961 644 987 686 et
1008 651 1066 686 oon·

162 700 245 770 vulsa,
259 701 351 770 ineos,
365 701 410 770 qui
426 713 631 772 commoverant,
645 702 806 755 recidebant.
842 704 867 756 N
869 721 900 756 ec
918 712 987 756 stare
1006 719 1067 770 ergo

143 771 151 784 '
161 778 287 838 poterant,
301 787 351 824 nec
368 771 427 838 titi,²
443 789 476 824 ne
494 773 625 824 testudine
643 772 752 842 quidem
770 773 878 842 protegi,
897 789 959 824 curn
979 780 1067 823 tantae

161 838 237 890 molis
256 855 337 891 onera
356 841 531 910 propellerent
549 841 661 894 barbari.
697 843 798 908 Regem
819 858 870 894 non
890 841 961 892 dolor
980 841 1065 908 medo,

160 907 207 960 sed
228 909 412 978 etiam'pudor
430 919 530 963 temere
551 911 577 964 iu
598 911 656 964 illas
676 913 811 979 angustias
829 909 919 980 ejecti³
936 911 1067 960 exercitus

160 977 282 1044 angebat.
319 977 435 1032 invictus
446 988 507 1032 ante
520 997 580 1034 earn
593 979 663 1034 diem
677 979 769 1050 suerat,
782 979 849 1032 nihil
865 979 959 1031 frustra
970 995 1064 1029 ausus:

161 1045 269 1116 impune
293 1047 401 1100 Ciliciae
425 1047 517 1101 fauces
540 1050 690 1118 intraverat,
709 1067 782 1102 mare
801 1065 905 1118 quoque
924 1063 1020 1100 novum
1039 1045 1066 1099 in

160 1115 346 1185 Pamphyliam
358 1117 407 1170 iter
417 1127 555 1187 aperuerat
564 1120 581 1170 :⁴
599 1127 661 1171 tunc
673 1119 821 1172 haesitabat
833 1116 998 1188 deprehensa
1010 1115 1066 1168 feli-

160 1184 233 1252 eitas,
252 1202 303 1238 nec
321 1185 393 1238 aliud
414 1186 561 1250 remedium
583 1196 645 1254 erat,
665 1205 745 1256 quarn
765 1187 859 1240 reverti
878 1203 931 1256 qua
948 1194 1065 1240 venerat.

160 1251 251 1322 Itaque
264 1255 466 1324 signoreceptui
478 1255 547 1324 dato,
560 1255 677 1308 densatis
687 1257 828 1326 ordinibus,
842 1257 976 1324 scutisque
989 1271 1066 1324 super

160 1323 245 1392 capita
257 1324 390 1392 consertis,
404 1334 471 1377 retro
484 1325 598 1378 evadere
611 1341 645 1378 ex
656 1327 785 1394 angustiis
795 1326 879 1396 jubet.
909 1325 980 1378 XXX
991 1324 1065 1377 fuere

160 1389 253 1459 stadia,
266 1409 334 1460 quae
347 1393 462 1446 remensi
475 1402 541 1446 sunt.

197 1465 233 1512 1³.
253 1461 323 1514 Tum
336 1463 428 1515 castris
441 1464 557 1532 undique
569 1470 659 1532 aperto
671 1462 728 1516 loco
740 1463 839 1534 positis,
852 1481 904 1516 non
917 1462 1065 1518 consultare

159 1529 237 1582 modo
255 1531 319 1599 quid
337 1531 471 1599 agendum
483 1541 561 1600 esset,
576 1531 623 1584 sed
635 1540 712 1585 vates
723 1550 827 1602 quoque
839 1532 967 1586 adhibere
979 1534 1065 1602 coepit

159 1613 175 1650 a
187 1599 370 1668 superstitione
382 1601 483 1657 animia
517 1601 569 1654 Sed
582 1600 646 1670 quid
662 1608 719 1654 tum
737 1601 890 1671 praedicere
903 1601 1063 1668 Aristander,

159 1668 202 1720 cui
214 1667 357 1737 plurimum
369 1667 494 1722 credebat
507 1687 541 1722 ex
552 1669 665 1740 vatibus,
678 1671 798 1740 poterat?
828 1670 921 1739 Itaque
933 1669 1066 1722 damnatis

158 1737 352 1805 intempestivis
378 1738 513 1792 sacrificiis
545 1740 643 1808 peritos
672 1739 788 1792 locorum
814 1741 951 1792 convocari
980 1739 1064 1808 jubet.

158 1805 207 1857 Per
225 1805 347 1860 Mediam
364 1807 413 1860 iter
430 1779 604 1862 ostendebant
624 1815 711 1861 tutum
734 1817 925 1878 apertumque:
950 1807 998 1860 sed
1020 1825 1065 1861 rex

158 1875 279 1926 deserere
297 1876 397 1928 milites
415 1875 558 1945 insepultos
576 1876 757 1945 erubescebat,
776 1878 812 1928 ita
829 1877 923 1930 tradito
941 1893 1014 1928 more
1036 1889 1064 1929 ut

128 1990 135 1995 .
158 1945 203 1996 vix
223 1944 306 1996 ullum
327 1944 439 1998 militiae
460 1954 515 1998 tam
536 1943 674 1998 sollemne⁶
693 1953 763 1998 esset
786 1962 890 2014 munus,
912 1962 992 2013 quarn
1015 1916 1064 1998 ltu·

157 2011 248 2066 mandi
268 2031 336 2066 suos.
381 2013 504 2083 Captivos
524 2031 593 2082 ergo,
615 2030 680 2084 quos
703 2030 786 2082 nuper
806 2022 954 2083 exceperat,
977 2015 1064 2066 vocari

156 2081 246 2151 jubet:
267 2083 334 2136 inter
346 2099 412 2204 quos
424 2090 480 2134 erat
496 2083 605 2152 quidam
623 2083 740 2136 Graecae
759 2083 936 2152 Persicaeque
954 2083 1061 2151 linguae

157 2151 262 2222 peritus,
283 2152 327 2222 qui
358 2161 441 2204 rustra
461 2168 523 2206 eum
542 2153 570 2204 in
589 2152 725 2206 Persidem
746 2153 876 2206 montium
895 2153 971 2206 dorso
991 2170 1065 2206 exer·

156 2222 240 2273 citum
262 2219 359 2274 ducere
382 2221 512 2274 affirmat:
537 2223 671 2276 silvestres
694 2239 753 2275 esse
777 2223 867 2292 calles,
889 2224 934 2278 vix
954 2223 1064 2292 singulis

157 2291 278 2359 pervios,
296 2291 384 2344 omnia
402 2292 506 2360 contegi
525 2291 667 2360 frondibus,
686 2292 817 2362 implexos
836 2309 870 2346 ue
888 2294 1010 2347 arborum
1025 2309 1063 2344 ra·

157 2376 216 2412 mos
240 2359 319 2412 silvas
342 2361 528 2414 committere.⁷
562 2363 685 2431 Namque
708 2362 796 2416 Persis
814 2382 831 2416 a
867 2363 952 2416 altero
973 2363 1064 2414 latere⁸

156 2430 292 2550 qqrpetuis
315 2431 444 2485 montium
473 2430 542 2499 jugis
564 2432 701 2501 clauditur,
726 2433 796 2501 quod
822 2434 849 2486 in
873 2432 1063 2500 longitudinem

190 2498 241 2566 DC,
262 2499 288 2550 in
308 2498 477 2552 latitudinem
497 2500 587 2552 CLXX
606 2501 692 2552 stadia
710 2501 845 2569 procurrit.
882 2501 939 2554 Hoc
955 2501 1064 2554 dorsum

186 2663 193 2686 ¹
205 2656 259 2704 'l'he
268 2655 407 2706 additiones
412 2655 461 2704 this
468 2655 590 2716 participle
600 2655 691 2714 merely
698 2655 757 2704 adds
765 2655 888 2714 emphasis
897 2663 922 2702 to
931 2655 971 2702 the
982 2657 1062 2704 inulti.

175 2721 195 2749 κ’
208 2715 261 2762 ‘To
271 2715 363 2771 olimb,’
380 2720 417 2762 ‘to
429 2730 496 2773 press
508 2713 635 2772 upwards.⁷

186 2779 194 2804 ³
207 2775 329 2822 ‘Thrown
344 2789 371 2822 or
386 2773 469 2822 driven
480 2783 521 2820 out
529 2773 545 2830 ;'
561 2773 663 2828 thrown,
676 2788 703 2820 as
714 2772 732 2820 it
744 2786 816 2829 were,
829 2771 854 2820 in
864 2771 905 2818 the
916 2785 971 2832 way
981 2771 1009 2820 os
1021 2773 1061 2822 da-

157 2833 281 2890 sanction,
295 2833 341 2881 and
352 2832 404 2880 that
415 2842 455 2880 too
466 2833 498 2891 by
509 2831 547 2879 his
558 2831 625 2880 fault.

185 2897 193 2920 ⁴
205 2892 343 2940 Alexander
353 2891 400 2940 had
411 2889 525 2940 marched
535 2889 606 2952 along
617 2890 657 2938 the
669 2897 735 2942 coast
745 2887 807 2938 from
822 2887 933 2938 Phaselis
946 2899 971 2937 to
984 2889 1063 2952 Perga

156 2951 180 2998 in
198 2951 348 3010 Pamphylia,
366 2966 397 2998 an
412 2949 572 3010 undertaking
588 2949 667 2997 which
683 2963 734 2996 was
750 2948 893 3006 practicable
909 2948 966 3008 only
977 2949 1063 2998 witha

157 3010 226 3058 north
238 3011 309 3058 wind.
341 3007 447 3057 Fortuna
457 3008 506 3058 had
516 3008 629 3058 favoured
639 3008 690 3056 him
700 3007 724 3055 in
735 3007 798 3056 this:
815 3007 862 3056 end
878 3005 978 3057 Curtius
994 3021 1059 3058 must

156 3066 217 3118 have
228 3068 321 3127 spoken
331 3066 359 3115 os
370 3067 411 3115 the
423 3067 503 3116 march
515 3068 539 3116 in
549 3067 587 3116 his
598 3066 688 3116 second
698 3065 770 3114 book.

186 3135 193 3159 ⁶
206 3134 211 3153 ‘
221 3127 250 3174 In
260 3141 424 3184 consequence
435 3125 463 3174 ol
474 3127 641 3186 superstitious
652 3125 803 3186 prejudices!
832 3125 878 3174 See
890 3125 970 3177 Gran.
982 3126 1057 3183 ml,

155 3201 178 3236 u.
194 3190 213 3234 1.
715 3211 717 3215 -

183 3251 191 3274 ⁸
203 3245 319 3310 Sullanae
330 3258 385 3302 may
396 3259 465 3292 mean
478 3243 592 3294 ‘solemn'
606 3244 677 3301 here;
694 3245 736 3292 but
748 3259 785 3294 we
796 3243 867 3294 thinls
877 3243 918 3292 the
929 3240 994 3294 more
1006 3258 1058 3304 pro·

155 3303 225 3350 bable
237 3317 349 3361 meaning
360 3311 385 3347 to
396 3303 426 3348 be
440 3304 571 3352 ‘constant’
585 3319 611 3351 or
624 3301 749 3363 ‘regulae’

184 3365 191 3388 ¹
206 3361 284 3409 ‘That
298 3359 338 3407 the
350 3359 443 3420 boughs
454 3361 482 3408 os
494 3362 533 3409 the
550 3375 613 3411 trees
624 3377 688 3410 were
699 3377 785 3412 woven
800 3363 851 3414 iuto
862 3361 926 3412 each
941 3360 1019 3418 other,
1031 3375 1059 3410 so

154 3437 181 3468 aa
192 3431 217 3480 to
228 3421 287 3470 form
299 3435 344 3466 one
355 3418 537 3482 uninterrupted
546 3420 636 3470 forest!

182 3485 191 3509 ⁸
203 3476 268 3527 That
279 3479 308 3535 is,
321 3478 362 3526 the
374 3486 444 3526 west.

256 3543 273 3590 8
589 3541 628 3590 12
