2410 3890
153 217 209 274 tac
416 231 456 272 ca
479 230 583 272 casura
603 208 787 274 iunxisset.

150 341 221 396 lecto
243 341 346 410 cepisse
363 341 481 395 Dareum
497 339 667 410 aestimaturi,
687 339 727 394 sin
744 349 916 394 autemeam
933 337 988 394 effu
1007 354 1052 392 are

185 411 304 480 tuissent,
330 410 467 464 interiecto
490 410 582 480 Dareo,
601 426 711 478 regnum
735 409 785 479 ipsi
809 417 976 480 occuparent,
1016 407 1051 460 el-

160 497 259 550 umque
277 489 439 536 renovarent.
474 481 531 533 Hoc
555 479 722 551 parricidium
740 496 802 532 curn
820 479 864 531 diu
883 479 1051 544 mutassent,

149 548 321 604 Nabarzanes
337 549 439 602 aditum
457 548 574 604 nefariae
598 549 656 618 spei
675 562 841 620 praeparans,
860 547 918 601 Soio
942 565 993 618 rne,
1014 548 1051 600 in·

150 620 206 690 quit
228 619 385 674 senteutiam
403 636 463 676 esse
482 618 613 673 dicturum
634 619 720 687 prima
738 617 828 687 specie
846 617 1052 689 haudquaquam

149 658 258 742 auribus
275 689 327 742 tuis
342 698 452 757 gratam.
490 688 540 742 Sed
558 657 656 740 medici
674 705 780 759 quoque
797 688 930 755 graviores
948 687 1053 740 morbos

149 758 250 826 asperis
267 757 393 810 remediis
404 765 542 827 curant‚.et
553 758 717 828 gubernator,
731 757 777 809 ubi
790 756 955 824 naufragium
967 756 1051 826 timet,

147 825 258 896 jactura
271 826 397 896 quicquid
409 827 506 892 serrari
518 835 603 896 potest
615 824 729 880 redimit.
766 827 822 896 Ego
841 836 939 895 tamen,
951 843 1004 879 nou
1023 832 1052 878 ut

126 943 128 946 .
149 895 277 953 damnum
294 897 404 965 quidem
422 896 523 966 saciare,²
534 893 641 966 suadeo,
655 895 701 948 sed
721 904 749 948 ut
767 905 793 948 te
811 912 843 948 ac
854 911 965 965 regnum
978 902 1051 948 tuum

149 965 247 1018 salubri
265 969 364 1018 ratione
382 982 531 1030 conserves.
567 965 623 1018 Diis
640 965 759 1018 adversis
777 965 877 1018 bellurn
896 965 1003 1034 inimus,
1025 965 1052 1016 at

149 1036 269 1105 pertinax
287 1033 390 1090 fortuna
407 1035 502 1088 Persas
528 1051 620 1104 urgere
647 1051 698 1086 non
722 1034 826 1087 desinit.
862 1035 945 1092 Novis
971 1033 1052 1087 initiis

149 1113 176 1156 et
188 1103 319 1156 ominibus
330 1120 396 1173 opus
407 1105 467 1156 est.³
501 1104 668 1174 Auspicium⁴
680 1113 706 1156 et
724 1103 866 1174 imperium
883 1103 989 1156 interim
1006 1103 1051 1155 alii
1104 1149 1106 1154 .

148 1173 230 1242 trade,
249 1173 296 1242 qui
314 1173 415 1226 tamdiu
433 1189 479 1226 rex
496 1173 651 1242 appelletur,
664 1173 749 1228 donec
761 1175 825 1227 Asia
837 1171 949 1229 decedat
961 1173 1050 1242 hostis,

149 1243 231 1294 victor
253 1242 350 1294 deinde
375 1259 483 1310 regnum
504 1243 551 1295 tibi
569 1243 669 1296 reddat.
705 1243 762 1295 Hoc
780 1252 870 1298 autern
889 1241 963 1297 brevi
979 1241 1049 1294 sutu-

149 1327 207 1364 rum
221 1310 285 1364 ratio
304 1313 438 1380 promittit.
474 1313 569 1366 Bactra
588 1313 686 1364 intacta
701 1320 776 1365 sunt:
798 1311 856 1366 Iudi
876 1321 903 1364 et
922 1311 1004 1364 Sacae
1024 1310 1052 1364 in

149 1389 195 1433 tua
206 1389 352 1450 potestate:
372 1390 408 1434 tot
426 1382 522 1451 populi,
536 1389 572 1433 tot
585 1382 724 1450 exercitus,
738 1389 774 1433 tot
787 1383 907 1450 equitum
919 1380 1051 1450 peditum·

58 1457 60 1466 ’
149 1465 201 1518 que
219 1448 293 1502 milia
315 1450 350 1503 ad
373 1451 553 1512 renouandum
572 1449 672 1503 bellurn
691 1452 760 1502 vires
777 1459 881 1520 paratas
897 1449 1003 1518 habent,
1021 1457 1051 1502 ut
1116 1477 1118 1488 ν

148 1518 232 1588 major
251 1519 313 1574 belli
325 1519 410 1572 moles
421 1520 542 1590 supersit,
555 1537 636 1588 quam
649 1519 778 1572 exhausta
791 1520 832 1572 sit.
869 1516 937 1578 Quid
951 1521 1052 1572 ruimus

149 1587 288 1641 beluarum
311 1590 360 1642 ritu
389 1590 416 1642 in
445 1591 588 1658 perniciem
617 1603 668 1641 non
697 1589 897 1642 necessariam‘l
934 1589 1050 1644 Fortium

148 1657 262 1710 virorum
280 1666 327 1724 est,
341 1659 425 1726 magis
443 1671 553 1712 mortem
572 1667 748 1727 contemnere,
762 1675 842 1727 quarn
860 1658 947 1710 odisse
960 1659 1050 1710 vitatu.

149 1726 233 1796 Saepe
251 1727 338 1783 taedio
356 1727 452 1780 laboris
468 1728 502 1781 ad
522 1727 652 1781 vilitatem
670 1728 720 1780 sui⁵
738 1727 931 1797 compelluntur
948 1727 1049 1796 ignavi:

148 1804 176 1848 at
186 1795 254 1848 nihil
266 1797 348 1849 virtus
359 1797 524 1866 inexpertum
537 1797 643 1850 omittit.
679 1795 770 1866 Itaque
790 1797 914 1850 ultimum
930 1797 1050 1850 omnium

147 1882 218 1924 rnors
230 1876 278 1936 est,
291 1865 324 1920 ad
337 1883 416 1936 quarn
431 1883 480 1919 non
494 1867 566 1936 pigre
582 1867 618 1917 ire
632 1866 695 1918 satis
707 1876 755 1919 est.
791 1866 901 1919 Proinde
914 1867 937 1920 si
949 1865 1048 1936 Bactra,

146 1935 217 2004 quod
247 1936 406 1989 tutissimum
435 1936 632 2005 receptaculum
658 1945 706 2005 est,
734 1936 856 2006 petimus,
886 1936 1050 2007 praefectum

148 2004 261 2073 regionis
285 2005 343 2074 ejus
366 2006 477 2058 Bessum
507 2023 597 2074 regern
629 2007 752 2076 temporis
781 2005 865 2074 gratia
894 2014 1048 2058 statuamus.
1088 2023 1090 2036 ¹

147 2073 304 2152 Compositis
324 2075 408 2144 rebus,
427 2074 496 2144 justo
517 2075 573 2144 regi
594 2075 642 2128 tibi
663 2075 841 2128 fiduciatium⁶
859 2075 978 2128 restituet
999 2073 1048 2127 im·

165 2157 259 2194 enum.

146 2158 223 2264 pli.
241 2211 318 2264 Haud
344 2211 441 2264 mirum
464 2220 512 2280 est,
539 2213 657 2268 Dareum
678 2229 731 2265 non
754 2221 918 2284 temperasse
942 2213 1050 2282 animo‚⁷

145 2294 309 2348 quamquam
326 2289 380 2334 tarn
399 2280 495 2350 impiae
515 2282 574 2336 voci
593 2289 719 2350 quantum
731 2282 817 2336 ,nesae
834 2283 925 2351 csset‚⁸
942 2282 1047 2336 latebat.

176 2408 221 2475 {In
238 2408 280 2476 the
298 2425 369 2466 sense
387 2410 415 2458 ci
429 2410 461 2458 its
479 2410 621 2468 derivatico,
644 2414 690 2473 ‘by
708 2413 828 2476 throwing
845 2413 985 2464 overboard'
1006 2414 1047 2463 the

145 2467 879 2579 ΜἰἕὴῑὲῗίιὲἓῗΞῖἷἓῗὲἒῖἓῗωέῗέἴέἕέ’ὟωιῖΜ’
892 2474 979 2532 ‘¹⁰⁵⁸’
992 2486 1046 2533 ‘'¹⁰'‘

145 2539 358 2654 petr‘yi'oluntcrily
369 2587 440 2636 effect
451 2604 466 2637 a
476 2589 525 2637 loss
533 2589 549 2637 :'
561 2548 703 2638 domnuman
712 2548 767 2638 trigies
776 2596 782 2618 ⁸
790 2600 815 2641 tc
825 2591 914 2640 endum
925 2607 939 2640 a
949 2591 1016 2641 loss’

173 2645 291 2696 '‘Thsre
302 2660 322 2694 rs
334 2646 394 2696 need
405 2647 432 2696 oi
443 2663 498 2696 new
509 2650 539 2696 be
558 2649 653 2710 inninga
668 2657 685 2704 (t
703 2660 727 2700 at
743 2650 772 2706 is,
784 2650 812 2698 oi
823 2651 954 2712 beginning
969 2657 1046 2705 anew)

144 2703 190 2752 and
201 2719 255 2752 new
266 2705 367 2754 omens’
401 2705 511 2768 Nothing
522 2665 556 2776 of
561 2719 627 2768 great
639 2709 784 2768 importunes
796 2725 846 2758 was
862 2709 1012 2761 undertakeu
1021 2709 1046 2758 iu

49 2809 51 2814 ,
144 2763 237 2811 ancient
249 2764 321 2812 times
332 2765 434 2814 without
444 2769 575 2828 observrng
585 2782 678 2824 oureus,
691 2768 770 2816 which
782 2783 846 2816 were
862 2767 1003 2817 considered
1018 2783 1044 2817 as
1131 2786 1141 2794 ’

145 2821 183 2868 the
194 2822 262 2874 voice
273 2821 301 2869 of
312 2823 421 2884 divinity.

168 2879 325 2946 '‘Auspicium
335 2881 359 2929 in
370 2883 411 2932 the
423 2883 519 2932 Roman
529 2886 610 2941 sense,
624 2899 674 2932 was
685 2885 726 2933 the
737 2885 756 2934 ri
774 2885 800 2934 ht
816 2885 845 2934 of
856 2885 992 2947 consulting
1002 2885 1044 2936 the

143 2935 192 3006 ryrll
208 2938 236 2986 oi
247 2937 288 2992 the
320 2941 372 2997 ode,
386 2943 418 3002 by
429 2943 558 3004 observing
575 2943 614 3011 the
630 2943 656 2991 iii
674 2943 700 2991 ht
717 2943 745 2992 of
757 2902 830 2993 birds.
861 2943 924 2993 This
935 2961 985 2994 was
1001 2959 1042 2992 en·

145 2997 219 3055 Joyed
240 2999 273 3057 by
294 2955 334 3048 tie
355 3002 626 3070 commender-in·chref
640 2961 673 3070 oi
691 3019 817 3070 anlarnry.
850 3003 1041 3072 consequentiis,

141 3056 207 3104 what
219 3070 269 3124 was
279 3055 340 3104 done
351 3059 428 3107 either
439 3061 514 3110 under
524 3060 561 3108 his
572 3076 627 3109 own
638 3061 776 3111 immedmte
785 3063 920 3120 command,
931 3079 957 3113 cr
965 3065 998 3123 by
1007 3063 1044 3111 lus

141 3115 294 3164 subordinate
305 3115 409 3174 officere,
422 3135 472 3167 was
483 3119 535 3168 said
545 3129 570 3166 to
581 3121 611 3167 be
621 3119 682 3168 done
692 3123 733 3168 sub
743 3124 856 3184 auspiciis
868 3124 926 3184 ejus
953 3123 1042 3184 Auspi-

140 3175 209 3229 cium,
222 3173 350 3231 therefore,
363 3191 419 3236 may
430 3193 501 3226 mean
528 3178 633 3238 enerally
647 3179 765 3228 ‘autharit
786 3183 802 3238 ,’
818 3181 976 3231 ‘command’

104 3271 109 3294 r
170 3232 489 3303 “Toalcwestirnateof
500 3195 664 3286 tiemselves)
697 3237 744 3286 See
782 3240 1028 3299 mm.l273,noted.

168 3297 177 3323 ⁸
191 3290 330 3341 ‘Iutrusted
341 3301 366 3360 to
376 3293 425 3342 him
437 3311 463 3342 as
474 3311 489 3344 a
499 3295 567 3344 mark
578 3295 605 3344 os
612 3296 766 3358 confidence!

169 3352 319 3400 '‘Restrain
336 3351 374 3400 hle
390 3352 507 3414 seelings.’
539 3354 587 3404 For
602 3355 643 3404 the
659 3357 866 3407 constructiones
880 3367 985 3422 tempero,
1001 3371 1043 3408 sec

141 3409 410 3468 Grantcccnorea

167 3474 177 3503 ·
190 3470 268 3520 ‘How
278 3480 347 3534 great
356 3487 371 3519 u
381 3471 454 3520 crime
465 3471 517 3521 that
528 3473 631 3535 impious
641 3475 731 3536 speech
742 3475 857 3538 impliedt
