2410 3890
35 3540 58 3568 k

147 233 185 288 92
413 249 452 288 ne
476 248 583 288 ossrrs
606 249 791 288 tcsxsrrum.

147 357 360 426 procerissimis
382 357 535 426 pignoribus
555 351 665 426 corpora'
682 356 847 426 opponimus.
883 355 959 416 Quod
982 373 1058 416 mea—

148 443 205 478 rum
218 425 266 478 luit
280 427 410 494 partium,¹
423 427 577 492 exercitum,
591 443 672 495 quem
684 441 770 495 paene
783 425 915 478 immensa
932 425 1058 494 planities

146 496 191 548 vix
210 496 336 564 caperet,²
347 499 513 564 comparavi:
533 512 622 566 equos,
636 513 710 548 arma
728 495 861 547 distribui:
881 505 1055 563 commeatus,

147 581 180 616 ne
200 573 286 615 tantae
304 564 464 616 multitudini
482 563 614 633 deessent,
627 564 744 634 providi:
765 565 860 634 locum,
874 565 901 616 iu
913 573 965 632 quc
983 565 1057 616 acies

147 649 180 685 ex
200 630 276 691 liceri
300 637 397 704 posset,
423 631 504 701 elegi.
547 631 641 686 Cetera
666 634 691 685 in
713 643 800 686 vestra
825 643 955 702 potestate
979 643 1055 686 sunt:

146 650 244 754 auleis
268 702 346 755 modo
366 703 481 770 vincere,
505 702 668 773 famamque,
693 703 904 756 infirmissimum
927 701 1058 757 adversus

146 769 226 823 sortes
239 773 308 824 vitus
320 771 411 838 telum,
425 775 594 824 contemnite.

181 845 221 893 54.
241 841 399 896 Temeritas
411 851 458 909 est,
473 858 553 910 quarn
566 841 654 893 adhuc
667 857 711 910 pro
722 841 817 893 virtute
829 841 969 894 timuistis:
984 857 1057 910 quae

145 908 190 963 ubi
205 911 318 978 primurn
332 911 461 986 impeturn
475 909 576 980 effudit,
590 910 663 963 velut
675 911 807 979 quaedam
819 911 946 962 animalia
958 912 1057 964 emisso

145 980 238 1031 aculeo
263 982 366 1048 torpet.⁴
410 979 441 1032 Hi
467 997 527 1031 vero
550 980 638 1049 campi
661 979 860 1050 deprehendere
884 980 1056 1048 paucitatem,

145 1065 225 1116 quam
246 1049 354 1103 Ciliciae
375 1059 479 1100 montes
497 1049 696 1101 absconderant.
733 1048 835 1100 Videtis
852 1049 958 1102 ordines
977 1066 1055 1110 raros,

145 1134 242 1170 cornua
266 1127 381 1186 extenta,
395 1118 525 1170 mediam
552 1121 639 1170 aciem
664 1135 768 1187 vanam,
792 1118 967 1170 exhaustam-2
993 1135 1056 1170 nam

145 1187 240 1256 ultimi,
286 1204 333 1240 uos
356 1187 451 1239 locavit
474 1204 588 1257 aversos,
614 1197 686 1256 terga
711 1186 766 1256 jam
793 1187 930 1257 praebent.
966 1189 1057 1242 Obterl

146 1205 299 1309 mehercule
312 1272 439 1324 equorum
452 1257 558 1324 ungulis
569 1266 685 1326 possunt,
696 1256 802 1312 etiamsi
814 1256 851 1308 nil
864 1266 967 1327 praeter
976 1257 1056 1311 falca-

146 1334 186 1377 tos
203 1341 294 1377 currus
313 1325 434 1377 emisero.
471 1326 504 1378 Et
523 1325 593 1378 bello
610 1327 758 1395 vicerimus,
774 1327 796 1378 si
811 1327 924 1380 vicimus
940 1326 1055 1395 proelio:

146 1411 209 1446 uam
229 1412 263 1446 ne
283 1393 335 1445 illis
353 1395 462 1462 quidem
481 1394 515 1446 ad
534 1395 623 1463 sugam
643 1395 717 1446 locus
735 1407 789 1448 est:
818 1395 879 1448 hinc
897 1397 1054 1466 Euphrates,

140 1463 216 1516 illinc
228 1464 313 1530 Tigris
326 1463 444 1532 prohibet
457 1463 591 1516 inclusos.⁶
628 1465 660 1517 Et
673 1480 741 1533 quae
753 1474 833 1517 antea
851 1482 896 1535 pro
909 1465 961 1518 illis
973 1475 1054 1534 erant,

93 1543 104 1549 ·
144 1532 171 1584 in
195 1533 351 1585 contrarium
373 1551 449 1585 versa
474 1543 541 1586 sunt.
579 1535 704 1587 Nostrum
728 1534 827 1588 mobile
848 1545 875 1587 et
899 1534 1055 1603 expeditum

144 1618 240 1670 agmen
251 1610 299 1671 est,
310 1601 373 1654 illud
387 1601 484 1670 praeda
495 1620 585 1671 grave.
622 1603 774 1672 Implicatos
787 1621 848 1672 ergo
860 1603 949 1672 spoliis
961 1605 1056 1656 nostris

144 1671 341 1741 trucidabimus,
356 1672 505 1740 eademque
520 1689 560 1725 res
573 1681 599 1724 et
612 1689 694 1724 causa
707 1673 754 1723 erit
768 1673 891 1725 victoriae
904 1681 931 1725 et
943 1673 1055 1726 fructus.

143 1739 243 1798 Quodsi
260 1758 341 1810 quarn
357 1758 371 1792 e
385 1741 460 1793 vobis
480 1758 575 1802 nornen
595 1742 682 1810 gentis
701 1750 797 1810 movet,
811 1741 915 1811 cogitet,
930 1743 1056 1796 Macedo·¹

144 1826 210 1878 num
222 1809 276 1861 illic
288 1827 362 1862 arma
374 1827 441 1879 esse,
456 1827 634 1879 concorpora.
672 1809 788 1864 Multum
809 1813 881 1867 euim
898 1813 1056 1880 sanguinem

145 1879 259 1932 invicem
278 1879 423 1949 hausimus,
437 1887 466 1931 et
477 1897 582 1949 semper
593 1879 696 1948 gravior
708 1881 735 1932 in
747 1881 879 1958 paucitate
891 1881 993 1950 jactura
1004 1891 1053 1934 est.

144 1949 214 2000 Nam
238 1949 398 2018 Alexander,
443 1958 643 2018 uantuscunque
669 1950 772 2017 ignavis
795 1961 822 2001 et
846 1951 947 2003 timidis
970 1950 1055 2004 videri

143 2026 237 2086 potest,
251 2035 332 2070 unum
345 1966 444 2071 animall
456 2031 504 2082 est,
518 2028 544 2070 et
557 2017 653 2088 siquid
672 2016 738 2071 mihi
755 2018 871 2088 creditis,
885 2021 1056 2072 temerarium

143 2095 169 2138 et
190 2103 288 2155 vecors,
310 2086 398 2142 adhuc
421 2097 507 2139 nostro
530 2105 635 2158 pavore,
654 2105 737 2157 quam
759 2105 807 2140 sua
825 2090 921 2141 virtute
941 2087 1054 2140 felicius.

144 2155 217 2208 Nihil
240 2167 332 2208 autem
356 2165 441 2225 potest
464 2173 525 2209 esse
545 2156 708 2224 diuturnum,
730 2157 773 2210 cui
793 2173 846 2210 non
866 2158 957 2212 subest
982 2160 1053 2210 ratio.

143 2223 216 2277 Licet
226 2224 339 2276 felicitas
347 2225 463 2294 aspirare
473 2225 613 2294 videatur,⁸
626 2234 715 2280 tamen
728 2227 761 2278 ad
775 2226 898 2280 ultimum
913 2227 1053 2280 temeritati

144 2308 193 2344 uon
207 2293 313 2346 sufficit.
349 2295 488 2346 Praeterea
501 2294 596 2347 breves
608 2302 635 2347 et
647 2295 789 2348 mutabiles
802 2297 874 2349 vices
886 2313 972 2349 rerum
985 2305 1053 2366 sunt,

143 2369 170 2414 et
189 2361 292 2414 fortuna
318 2379 455 2432 nunquam
475 2363 632 2432 simpliciter
650 2364 776 2432 indulget.
821 2365 939 2418 Forsitan
960 2365 998 2418 ita
1017 2367 1054 2418 dii

144 2429 198 2482 lata
221 2431 276 2483 ordi
301 2441 437 2500 naverunt,
458 2441 486 2485 ut
510 2433 650 2487 Persarum
674 2434 823 2504 imperium,
845 2433 915 2504 quod
938 2435 1054 2489 secundo

143 2516 221 2552 cursu
245 2517 291 2570 per
311 2501 440 2554 ducentos
463 2502 569 2570 triginta
591 2520 674 2556 annos
699 2505 734 2556 ad
762 2521 897 2557 summum
921 2504 1055 2574 fastigium

143 2584 294 2639 evexerant,
308 2587 405 2639 magno
417 2579 491 2624 motu
503 2581 677 2626 concuterunt
695 2573 788 2642 magis,
803 2590 884 2642 quam
896 2573 1057 2642 affligerent⁷

143 2637 369 2709 admonerentque
381 2657 429 2713 nos
442 2641 591 2710 fragilitatis
605 2641 746 2710 humanae,
761 2642 837 2712 cujus
850 2643 932 2696 nimia
945 2644 970 2694 in
984 2659 1054 2713 pros-

142 2708 212 2776 peris
225 2710 304 2762 r'ebus
313 2709 412 2762 oblivio
425 2721 473 2762 est.
510 2711 592 2763 Modo
604 2711 715 2765 Graecis
727 2711 794 2765 ultro
806 2711 908 2764 bellum
926 2711 1055 2767 inscreba-

173 2839 179 2862 ¹
194 2835 285 2883 ‘What
297 2853 347 2884 was
359 2853 400 2896 my
411 2837 542 2893 business,'
556 2855 583 2886 or
596 2843 651 2899 ‘my
662 2839 732 2887 share
743 2839 771 2888 of
778 2840 819 2889 the
830 2839 907 2900 duty!

171 2897 181 2922 ²
193 2899 198 2919 ⁴
208 2893 241 2961 So
248 2907 315 2954 great
325 2912 354 2943 an
363 2912 430 2956 army
438 2897 489 2945 that
498 2897 539 2944 the
548 2897 666 2946 immense
675 2899 741 2958 plain
748 2915 791 2947 can
798 2899 906 2959 scarcely
914 2900 1009 2948 contsin
1018 2901 1052 2948 it.’

145 2950 200 2999 The
216 2953 340 3011 imperfect
357 2955 377 3002 is
394 2955 453 3003 used
471 2958 574 3004 because
586 2957 604 3004 it
615 2958 636 3005 is
647 2958 741 3005 viewed
753 2973 779 3006 as
790 2958 831 3006 the
844 2958 1001 3006 intentiones
1013 2959 1054 3007 the

144 3011 211 3070 king,
220 3011 291 3058 when
300 3011 329 3060 he
337 3024 374 3060 set
382 3015 454 3062 about
462 3016 503 3062 the
511 3015 638 3064 collection
645 3016 673 3063 ot'
678 3017 717 3064 the
725 3033 801 3124 armp,
811 3027 835 3068 to
842 3017 913 3066 multe
921 3019 938 3065 it
945 3035 973 3067 so
980 3018 1053 3079 large.

144 3067 376 3180 tasoUmeflwing
392 3073 522 3122 rashnesa'
555 3074 687 3134 Compare,
703 3091 772 3136 regar
789 3077 935 3138 ingranam,
954 3078 1051 3137 Zumpt,

172 3187 486 3297 llllrsrlllddlhllslrsds‘Darius
497 3251 574 3308 speslr
584 3267 611 3299 as
622 3250 644 3298 if
650 3251 691 3300 the
702 3251 759 3300 field
770 3253 797 3301 os
804 3253 880 3302 battle
887 3239 931 3314 lay
942 3254 1055 3304 between

144 3304 185 3354 tha
197 3306 228 3353 Ti
259 3305 279 3354 is
290 3306 336 3359 and
347 3306 388 3354 the
400 3307 438 3354 Eu
456 3308 551 3368 hrates;
570 3309 678 3360 whereas
690 3312 708 3359 it
719 3328 769 3360 was
781 3312 877 3372 beyond
888 3313 947 3361 both
958 3314 1042 3364 rivers.

171 3363 231 3414 'Un
249 3365 346 3414 erstand
358 3365 386 3413 ei.
422 3371 428 3392 ‘
460 3367 542 3430 hough
553 3367 647 3418 fortune
659 3386 740 3420 seems
751 3380 776 3420 to
787 3371 886 3422 breaths
902 3387 968 3433 upon
983 3372 1051 3422 him!

144 3423 244 3510 Aspar-ct
255 3423 393 3486 equivalent
405 3435 429 3472 to
438 3427 516 3487 favet.

193 3487 199 3510 ⁴
209 3483 277 3533 Darh
287 3495 313 3534 to
323 3483 365 3534 the
376 3485 486 3548 ground!
