2314 3886
181 221 239 276 22⁰
448 232 487 274 nx
512 231 618 274 exsors
638 231 822 275 ttxxsttour.

182 359 242 396 rom
261 357 356 410 greges
375 341 460 396 clusi.¹
495 341 513 394 S
548 341 627 394 tiosas
644 339 678 392 ad
696 339 746 393 hoc
764 340 864 410 eligunt
881 337 975 408 silvas,
997 337 1095 392 crebris

182 409 338 482 perennium
357 411 496 479 aquarum²
513 357 630 462 ldntibus
648 425 790 478 amoenas,
808 407 891 462 muris
909 425 1027 461 nemora
1045 409 1095 461 cin·

181 489 284 548 guntur,
304 488 439 559 turresque
458 479 556 532 habent
575 479 738 544 venantium,
750 476 927 548 receptacula.
965 477 1095 536 Quattuor

182 549 313 602 continuis
324 549 469 602 aetatibus³
480 550 606 602 intactum
623 547 719 600 saltum
738 547 819 600 fuisse
838 545 997 616 constabat,
1016 564 1094 618 quem

182 617 334 671 Alexander
352 635 412 672 cum
431 627 484 670 toto
502 618 619 670 exercitu
632 615 774 685 ingressus,
787 616 879 684 agitari
892 616 1016 684 undique
1031 616 1095 668 seras

181 687 267 756 jussit.
303 688 374 740 lnter
391 705 458 756 quas
475 704 537 739 cum
556 686 597 738 leo
613 685 801 752 magnitudinis
814 702 886 738 rarae
899 685 991 754 ipsum
1006 702 1093 754 regem

183 759 322 810 invasurus
340 756 491 824 incurreret,
504 755 571 807 lortc
585 755 768 822 Lysimachus,
781 755 825 825 qui
843 763 936 824 postea
955 756 1094 822 regnavit,⁴

182 825 317 894 proximus
343 825 500 892 Alexandro,
528 823 689 878 venabulum
718 823 833 893 objicere
861 823 935 876 ferae
958 833 1093 894 coeperat

182 895 241 953 Quo
254 912 299 948 rex
311 894 414 964 repulso
426 903 453 946 et
464 893 537 947 abire
548 892 627 962 jusso,
637 892 743 961 adjecit,
754 902 834 946 tarna
845 901 932 944 semet
946 909 1001 944 uno
1016 909 1093 962 quam

181 981 198 1018 s
210 963 369 1032 Lysimacho
381 963 486 1018 leonem
497 962 609 1016 interfici
621 977 708 1030 posse.
735 960 911 1030 Lysimachus
924 961 1002 1014 enim
1016 977 1093 1030 quon·

182 1033 243 1086 dam
257 1051 319 1086 eum
331 1041 469 1086 venaretur
481 1032 509 1084 in
521 1031 602 1100 Syria,
615 1030 746 1084 occiderat
759 1030 867 1100 quidem
880 1029 1001 1084 eximiae
1015 1032 1094 1100 magi·

182 1101 283 1155 tudinis
293 1101 376 1154 leram
389 1100 466 1167 solus,
478 1100 525 1154 sed
534 1101 612 1153 laevo
621 1098 732 1152 humero
743 1115 828 1168 usque
840 1099 873 1151 ad
887 1115 948 1154 ossa
961 1098 1094 1152 laceratus

182 1170 216 1224 ad
230 1170 353 1224 ultimum
366 1170 485 1239 pericnld
495 1177 660 1238 pervenerat.
691 1169 719 1222 ld
730 1170 818 1238 ipsum
827 1168 991 1237 exprobrans
1003 1169 1031 1222 ei
1043 1186 1093 1237 rex,

182 1239 282 1307 lortius,
303 1257 384 1307 quam
406 1239 508 1292 locutus
532 1247 580 1307 est,
600 1237 672 1290 fecit.
707 1239 777 1291 Nam
801 1237 884 1290 leram
904 1254 962 1290 non
988 1238 1095 1308 excepit

182 1308 261 1360 modo
279 1309 326 1360 sed
340 1307 422 1360 etiam
435 1323 485 1360 uno
498 1307 606 1360 vulnere
618 1307 724 1360 occidit.
760 1306 908 1375 Fabulam,⁶
920 1323 994 1374 quae
1007 1307 1094 1376 objec-

183 1385 239 1430 tum
268 1377 328 1429 eoni
345 1392 362 1428 a
380 1393 440 1444 rege
458 1376 651 1446 Lysimachum
669 1384 769 1428 temere
781 1375 907 1444 vulgavit,
921 1375 956 1428 ab
973 1393 1008 1428 eo
1024 1393 1094 1444 casu,

182 1461 263 1566 gnam
276 1463 353 1515 supra
365 1444 488 1514 diximus,
498 1456 582 1500 ortam
594 1462 655 1498 esse
667 1444 834 1498 crediderim.
864 1445 993 1498 Ceterum
1004 1447 1095 1499 Mace·

201 1530 273 1582 ones,
286 1531 446 1585 quamquam
465 1531 588 1584 prospero
600 1523 696 1566 eventu
709 1513 850 1566 defunctus
861 1523 916 1566 erat
929 1513 1094 1582 Alexander,

183 1591 271 1636 tamen
291 1586 391 1638 scivere
406 1585 495 1652 gentis
507 1601 571 1636 suae
584 1583 676 1650 more‚⁷
687 1599 721 1636 ne
732 1591 778 1636 aut
789 1583 872 1652 pedes
885 1593 1039 1654 venaretur,
1053 1592 1095 1637 aut

182 1653 239 1706 sine
249 1653 359 1706 delectis
367 1653 514 1724 principum
523 1662 603 1772 stipae
612 1652 767 1706 amicorum.
796 1651 1095 1720 llle,leilibusle1a·

182 1738 240 1774 rum
253 1721 373 1790 dejectis,
387 1723 412 1776 in
425 1722 521 1776 eodem
534 1738 563 1774 sa
576 1731 601 1774 tu
615 1738 677 1774 cum
690 1731 742 1774 toto
755 1719 872 1774 exercitu
883 1721 1013 1790 epulatus
1024 1731 1076 1774 est.

217 1794 240 1842 3.
259 1790 324 1842 Inde
342 1790 504 1844 Maracanda
522 1790 638 1844 reditum
654 1798 710 1842 est:
729 1799 891 1870 acceptaque
903 1791 1006 1844 aetatis
1017 1808 1096 1844 excu-

182 1859 283 1912 satione
295 1859 330 1912 ab
342 1861 482 1929 Artabazo,
491 1859 652 1929 provinciam
665 1857 724 1931 ejus
735 1859 849 1912 destinat
861 1859 936 1911 Clito.
962 1859 1019 1913 Hic
1032 1869 1096 1928 erat,

182 1929 228 1998 qui
241 1927 310 1998 apud
324 1929 467 1990 Granicum
478 1945 587 1982 amnem
605 1928 675 1981 nudo
693 1929 790 1996 capite⁸
808 1945 897 1997 regem
916 1926 1096 1982 dimicantem

182 1997 268 2066 clipeo
280 2015 327 2050 suo
340 1999 414 2067 texit,
427 2007 453 2051 et
465 1997 593 2052 Rhosacis
604 2013 713 2050 manum
726 1997 805 2066 capiti
821 1997 890 2065 regis
904 1997 1098 2064 imminentem

181 2067 269 2134 gladio
292 2084 334 2118 am
376 2067 451 2120 tavit:
476 2075 554 2119 vetus
577 2066 693 2135 Philippi
715 2065 802 2134 miles,
824 2067 969 2134 multisque
993 2067 1099 2120 bellicis

182 2132 340 2202 operibuse
369 2152 420 2188 rus.
456 2135 601 2197 Hellanice,
620 2151 689 2203 quae
710 2133 890 2188 Alexandrum
911 2135 1099 2204 educaverant

183 2219 254 2255 soror
272 2203 337 2270 ejus,
351 2203 420 2256 haud
439 2221 517 2257 secus
535 2220 616 2273 quam
634 2212 718 2256 mater
736 2221 752 2256 a
770 2221 831 2270 rege
849 2203 1022 2272 diligebatur.
1062 2207 1099 2259 Ob

183 2270 232 2322 has
243 2288 338 2322 causas
350 2271 539 2326 validissimam
555 2273 659 2340 imperii
674 2281 775 2342 partem
790 2272 854 2325 fidei
866 2272 925 2342 ey'us
937 2275 1100 2344 tutelaeque

183 2340 324 2392 commisit.
359 2341 473 2408 Jamque
491 2343 541 2392 iter
558 2357 650 2410 parare
669 2342 696 2394 in
714 2351 847 2411 posterum
859 2341 954 2410 jussus
970 2343 1100 2398 sollemni

212 2463 219 2484 ¹
230 2428 342 2504 Another
352 2456 412 2504 form
423 2455 458 2504 sor
467 2459 555 2505 clausi:
570 2457 611 2504 the
622 2457 770 2516 compounds
781 2458 842 2508 have
854 2476 870 2506 u
881 2457 1050 2520 exclusively.

211 2521 221 2545 ²
233 2521 238 2542 ‘
248 2516 362 2584 Running
373 2526 474 2564 streame
483 2516 498 2564 :¹
506 2519 630 2622 ferensis,
643 2515 742 2578 flowing
752 2526 794 2565 not
805 2518 862 2577 only
870 2527 894 2564 at
904 2517 946 2570 the
957 2519 1037 2580 rainy
1045 2535 1098 2570 sea·

182 2591 236 2631 son,
249 2577 292 2623 but
303 2575 388 2635 during
397 2575 437 2622 the
449 2575 504 2622 who
515 2590 528 2622 e
540 2590 604 2634 year.

210 2640 221 2663 ²
233 2634 312 2682 ‘Four
323 2635 476 2685 consecutive
487 2633 655 2694 generations!

195 2753 199 2761 1
211 2699 220 2723 ⁴
233 2694 308 2741 ‘Was
320 2709 334 2740 a
346 2693 422 2762 king,’
436 2693 532 2798 namely
543 2691 571 2739 of
579 2692 683 2749 Thrace,
695 2692 743 2741 and
753 2692 813 2741 after
824 2694 861 2742 his
872 2703 995 2752 conquest
1006 2695 1038 2744 of
1046 2698 1099 2746 An.

183 2751 581 2897 ῃῖοῗῖιῗῖοοιῖὴὲῗξωᾞῗῗεὲἷὲτ,ι’
595 2809 690 2870 usually
700 2813 854 2858 od'summom
863 2812 1007 2872 periculum.

209 2924 218 2950 ⁷
232 2867 426 2976 ‘drhdcldlllnoe
435 2927 493 2975 with
503 2926 565 2974 their
576 2925 681 2974 nationsl
692 2943 812 2982 manners,
824 2927 881 2987 they
888 2927 1010 2986 directed.
1019 2946 1052 2980 or
1060 2932 1100 2982 de·

182 2983 260 3051 creed'
279 2988 404 3051 (edocerem
425 2986 476 3033 that
492 2986 522 3040 is,
537 2985 664 3046 according
682 2997 707 3033 to
726 2987 788 3034 their
805 2985 854 3034 sree
873 2988 1051 3046 constitution,
1070 2993 1101 3052 by

183 3041 270 3110 which,
283 3043 320 3110 ¹lor
330 3045 445 3100 instance,
459 3044 500 3092 the
512 3043 570 3104 king
581 3043 629 3092 had
639 3055 680 3092 not
691 3060 773 3104 power
784 3053 809 3092 tc
820 3045 938 3094 condemn
949 3062 964 3094 a
976 3047 1099 3100 Macedo·

182 3112 370 3209 manwriffinhrg
376 3103 505 3228 lleeaadhllare
514 3162 530 3217 ;'
547 3160 584 3209 sor
598 3161 636 3208 his
652 3161 743 3210 helmet
759 3161 806 3230 hail
821 3163 883 3210 been
896 3163 1029 3214 shattered
1041 3169 1101 3228 bya

182 3217 1092 3334 pilli}llil’illl<llillllrlnilllll‘livillllltli‘dll'lhm

183 3337 292 3382 dannot
302 3335 381 3382 would
390 3335 451 3382 have
462 3337 524 3382 been
535 3334 575 3381 the
587 3349 672 3393 proper
680 3338 745 3384 word
756 3337 827 3395 here;
840 3339 875 3386 sor
886 3339 929 3388 she
941 3339 992 3389 had
1004 3320 1100 3394 nursed

182 3391 233 3439 him
244 3393 289 3440 and
301 3393 403 3454 brought
415 3393 466 3440 him
477 3407 517 3451 up,
530 3401 571 3439 not
582 3392 700 3442 educated
710 3395 767 3444 him.
799 3395 847 3444 But
862 3397 903 3446 the
917 3397 1100 3452 distinctionis

183 3459 225 3496 not
236 3450 327 3512 always
337 3449 462 3500 obserred.
