2410 3890
158 209 198 270 98
423 224 462 264 aa
485 223 592 264 uaeris
613 223 798 264 anaxannar.

159 333 341 404 vehebantur‚¹
359 347 508 402 agmenque
526 330 648 399 constitit,
667 329 805 386 frendente
823 329 980 400 Alexandro,
996 329 1061 400 eripi

161 404 210 458 sibi
221 403 355 456 victoriam
368 419 384 453 e
395 401 523 468 manibus,
537 408 564 452 et
576 401 691 452 Dareum
710 398 814 454 felicius
831 400 922 468 sugere
940 417 1019 468 quarn
1032 415 1060 451 se

161 472 244 542 sequi.
278 471 388 524 Interim
399 469 433 522 ad
449 470 592 522 Mazaeum
605 469 720 538 superati
734 469 802 536 regis
813 469 885 522 lama
897 477 1059 538 pervenerat.

161 541 260 610 Itaque,
274 555 434 609 quamquam
446 538 555 590 validior
570 546 633 606 erat,
650 546 740 590 tamen
758 537 861 590 fortuna
878 537 992 607 partium
1010 545 1060 589 ter·

161 613 232 679 ritus,
245 608 373 678 perculsis
390 607 538 676 languidius
550 607 672 660 instabat.
708 607 847 658 Parmenio
860 607 994 674 ignorabat
1005 606 1060 674 qui-

160 677 223 731 dem
240 695 348 732 causam
363 693 410 730 sua
425 687 517 746 sponte
531 692 635 744 pugnae
648 675 782 744 remissae,
797 676 843 726 sed
856 677 993 728 occasione
1006 677 1059 726 vin-

160 745 237 800 cendi
248 760 353 800 strenue
365 753 406 799 est
417 763 489 798 usus.
525 744 667 798 Thessalos
679 745 782 812 equites
793 743 827 796 ad
839 761 869 796 se
879 745 965 796 vocari
976 743 1059 813 jubet.

160 815 264 885 Ecquid
282 816 385 886 videtis,
406 815 498 883 inquit,
519 813 590 882 istos,
612 814 657 881 qui
678 813 799 865 ferociter
818 813 896 866 modo
920 814 1058 879 instabant,

160 883 257 956 pedem
277 886 375 938 referre
395 883 481 936 subito
500 898 596 950 pavore
620 881 787 950 perterritos?
822 881 955 934 Nimirum
978 883 1061 934 ncbis²

159 971 264 1024 quoque
282 955 350 1022 regis
368 953 449 1004 nostri
466 950 570 1003 fortuna
587 951 659 1002 vicit.
701 951 796 1002 Omnis
820 951 957 1003 Persarum
977 951 1060 1002 caede

160 1031 241 1076 strata
252 1031 321 1076 sunt.
357 1020 425 1078 Quid
440 1019 568 1072 cessatisl
586 1037 619 1072 an
638 1035 672 1070 ne
690 1017 852 1087 fugientibus
863 1020 970 1088 quidem
984 1037 1060 1090 pares

159 1092 242 1146 estisl
276 1092 346 1144 Vera
368 1089 457 1142 dicere
480 1088 625 1158 videbatur,
647 1097 674 1140 et
697 1105 758 1156 spes
780 1088 935 1156 languentes
957 1095 1060 1157 quoque

160 1169 286 1214 erexerat.
321 1158 437 1212 Subditis
447 1156 594 1210 calcaribus
606 1173 728 1226 proruere
740 1155 768 1209 in
779 1156 894 1210 hostem:
914 1167 939 1210 et
952 1158 988 1210 illi
1005 1159 1060 1228 jam

160 1246 211 1282 non
223 1228 329 1296 sensim,
340 1227 388 1288 sed
400 1227 477 1279 sitato
487 1226 570 1294 gradu
582 1225 749 1294 recedebant,
760 1226 960 1296 necquicquam
973 1227 1059 1294 fugae,

159 1299 211 1352 nisi
226 1298 296 1366 quod
314 1295 430 1350 nondum
442 1303 515 1363 terga
526 1303 665 1362 verterant,
678 1295 777 1348 deerat.
813 1296 950 1348 Parmenio
962 1305 1059 1363 tamen,

160 1367 265 1434 ignarus
276 1382 407 1435 quaenam
418 1365 445 1418 in
457 1363 548 1418 dextro
560 1380 639 1416 cornu
652 1363 753 1416 fortuna
766 1365 834 1432 regis
846 1375 923 1434 esset,
938 1367 1060 1433 repressit

160 1451 235 1488 suos:
255 1435 393 1503 Mazaeus,
414 1433 475 1486 dato
494 1449 597 1502 pugnae
618 1433 713 1502 spatic³
732 1449 781 1486 non
802 1443 871 1486 recto
892 1434 992 1503 itinere,
1012 1433 1057 1486 sed

159 1503 259 1573 majore
271 1512 298 1556 et
310 1504 343 1556 ob
355 1503 380 1556 id
393 1503 487 1556 tutiore
499 1501 638 1555 circumitu
655 1501 744 1568 Tigrin
762 1511 873 1572 superat,
887 1512 914 1554 et
927 1503 1059 1574 babylona

159 1589 222 1625 cum
233 1571 350 1641 reliquiis
361 1572 459 1624 devicti
471 1572 601 1624 exercitus
613 1570 699 1623 intrat.

194 1647 236 1694 61.
254 1642 355 1694 Dareus
366 1641 459 1710 paucis
471 1639 549 1708 fugas
561 1639 703 1692 comitibus
715 1637 749 1692 ad
766 1639 868 1708 Lycum
880 1657 989 1693 amnem
1000 1657 1059 1694 con·

159 1709 292 1764 tenderat:
311 1726 363 1779 quo
380 1709 488 1780 trajecto
507 1708 637 1762 dubitavit
655 1725 688 1760 an
706 1707 818 1762 solveret
832 1717 947 1778 pontem,
961 1710 1059 1780 quippe

159 1777 272 1833 hostem⁴
282 1777 338 1848 jam
349 1777 430 1832 affore
442 1777 617 1831 nuntiabatur.
654 1777 705 1830 Sed
724 1785 761 1829 tot
776 1777 851 1830 milia
863 1795 976 1848 suorum,
990 1796 1059 1848 quae

158 1847 275 1902 nondum
292 1847 326 1901 ad
343 1864 451 1902 amnem
469 1855 649 1916 pervenerant,
663 1854 741 1915 ponte
754 1847 846 1900 reciso⁶
857 1847 964 1900 videbat
976 1847 1059 1900 hostis

176 1915 285 1970 raedam
307 1916 371 1970 fore.
406 1917 565 1985 Abeuntem,
587 1933 649 1968 cum
673 1917 800 1968 intactum
823 1916 921 1968 sineret
943 1925 1057 1986 pontem,

157 1934 257 2040 hixisse
273 1994 381 2054 constat,
395 1986 475 2039 malls
487 2003 516 2038 se
529 1984 701 2055 sequentibus
712 1985 761 2037 iter
772 1983 843 2054 dare,
856 2002 937 2053 quam
955 1985 1059 2038 aulerr'e

157 2055 327 2123 fugientibus.
363 2055 423 2124 lpse
441 2055 534 2122 ingens
551 2053 694 2124 spatinmf
755 2067 887 2123 emensus,
900 2053 990 2108 media
1002 2054 1059 2108 fers

158 2132 234 2176 nocte
252 2122 351 2176 Arbela
365 2123 496 2242 pervenit.
532 2122 598 2179 Quis
617 2131 654 2174 tot
675 2122 701 2174 lu
721 2122 786 2175 ibria
806 2121 931 2193 fortunae,
950 2123 1057 2190 ducum,

157 2191 293 2260 agminum
315 2207 364 2244 cae
384 2207 428 2244 em
451 2190 634 2259 multiplicem,
658 2191 820 2244 devictorum
844 2191 943 2262 fugam,
968 2193 1059 2245 clades

158 2276 229 2313 nuuc
258 2259 427 2327 singulorum,
452 2275 521 2312 nunc
548 2259 738 2329 universorum,
762 2269 807 2312 aut
836 2261 924 2314 animo
953 2261 1059 2331 assequi

157 2336 245 2397 queat,
258 2337 303 2380 aut
314 2327 429 2380 oratione
441 2326 611 2398 complectil⁸
645 2328 839 2397 Propemodum
857 2330 967 2383 saeculi⁷
979 2347 1020 2382 res
1032 2331 1057 2384 in

159 2413 240 2453 uuum
252 2395 411 2464 illumdiem
423 2396 497 2466 ρτοῐ8
514 2396 617 2450 fortuna
630 2397 783 2450 cumulavit.
819 2397 871 2451 Alii
890 2416 942 2470 qua
960 2399 1058 2452 brevis·

159 2485 194 2578 ’ᾖ
205 2508 260 2558 'l'he
270 2509 397 2556 horsemen
405 2523 469 2557 were
479 2509 578 2558 ordered
589 2518 614 2556 to
624 2509 681 2577 talne
690 2509 727 2557 off
733 2508 842 2577 thebits,
853 2511 904 2579 that
915 2513 974 2572 they
982 2513 1058 2573 might

156 2567 368 2676 Ξξινὲοῐιὲῖὴοτιεε
379 2583 393 2616 a
403 2568 496 2624 breath,
509 2567 555 2616 and
569 2568 628 2616 then
637 2569 688 2616 rrde
699 2568 736 2616 on
747 2569 840 2630 brrslrly
855 2585 879 2618 rn
894 2570 934 2618 the
950 2575 1057 2631 opposite

184 2691 195 2715 ‚
258 2689 263 2698 .
421 2689 426 2698 .

185 2684 718 2814 ³Plhlhhh'gocneghhhion{heighhhiehihhl'os
729 2745 770 2794 the
785 2744 871 2816 tightin
898 2761 949 2795 was
959 2747 1055 2808 giv'sur’

157 2802 209 2850 that
219 2817 249 2860 rs,
261 2803 347 2863 dunng
357 2819 371 2851 a
382 2813 501 2871 cessatron
511 2801 539 2852 os
546 2804 592 2872 ,the
607 2803 716 2866 fighting.
734 2805 858 2872 ‚Spctaam
904 2823 929 2854 re
940 2809 1014 2855 claui
1023 2808 1058 2856 rei

151 2861 450 2980 :tumlltttlttdt
463 2861 756 2969 ntundnan?
776 2863 795 2969 ’ἑ
806 2865 908 2970 nitu
924 2864 1054 2928 ΜΨ·

157 2934 227 3068 ¹¹¹{It
238 2977 314 3045 might
325 2977 376 3026 also
387 2953 520 3049 have'been
530 2954 610 3050 bostis.
641 2980 688 3028 See
701 2981 798 3040 Zumpt,
811 2981 884 3032 tuot.
903 2939 926 2986 g.

181 3099 194 3124 ,ι
207 3035 817 3204 ·lilllil‘llp'rllllisillllq‘lllh,resona:
843 3098 1057 3208 rrrnnngnn

157 3166 273 3260 ωριᾶιιῐὲξ
275 3187 290 3258 ,1
295 3153 382 3258 ὶὲιῐιιξῧιτῑει
382 3169 409 3260 ἑ
419 3153 663 3262 ἶνὴίῗέοεὲῗέεγνοιριη
679 3156 710 3205 ed
721 3166 771 3242 rnto
784 3157 933 3216 ‘apprehend
943 3160 985 3207 wit
1014 3159 1055 3208 tha

157 3227 327 3320 ”hucbertum
337 3285 392 3330 may
403 3285 473 3318 mean
483 3287 498 3318 a
507 3249 607 3333 century
617 3289 644 3322 or
654 3289 684 3323 an
695 3290 748 3338 age,
761 3274 802 3323 the
814 3274 912 3324 lisetime
923 3276 951 3324 ol
957 3293 971 3325 a
981 3291 1053 3338 gena·

27 3311 40 3322 ὓ
59 3339 63 3346 ·
157 3329 241 3379 ration.
272 3327 334 3375 This
344 3343 395 3376 was
405 3328 537 3378 calculated
553 3342 577 3379 at
593 3333 660 3381 three
676 3343 702 3381 to
716 3349 762 3382 one
778 3334 886 3383 hundred
900 3349 984 3394 years;
1002 3336 1054 3383 that

157 3386 352 3446 iachim-three
363 3402 433 3446 years
443 3387 496 3436 four
505 3389 609 3438 months.

158 3447 161 3454 '
184 3445 271 3494 'Pria'
287 3444 364 3501 alone,
377 3445 479 3494 without
489 3447 530 3494 the
541 3447 645 3498 addition
655 3449 683 3497 of
693 3450 735 3498 the
745 3451 824 3511 object
836 3450 948 3509 invoked,
962 3452 982 3500 ia
993 3465 1052 3502 rara.

171 3502 311 3566 '‘afflumph
324 3502 353 3556 ll
363 3506 407 3553 ³⁵9
417 3503 463 3553 and
474 3507 525 3553 ³61.
