2314 3886
133 237 190 296 tto
397 251 438 292 us
461 251 568 292 essars
590 250 776 292 xcsxxrtnsr.

129 375 248 418 ruscum.
284 359 341 430 Ego
352 359 401 440 tibi
412 361 496 415 vitam
508 359 604 429 adimo,
617 376 667 428 ego
685 367 854 413 senectutem
871 366 944 414 tuam
957 359 1045 412 extin-

166 430 200 484 o!
237 429 307 488 Quid
330 447 402 484 euun
430 448 475 484 me
499 429 656 500 procreabas
680 429 816 482 infelicem
839 427 1045 500 adversantibus

149 500 201 554 iisl
225 515 258 552 an
277 510 306 554 ut
324 499 374 554 hos
391 517 425 554 ex
443 517 488 554 me
507 499 609 552 fructus
625 499 785 568 perciperes,
804 497 851 568 qui
868 507 894 550 te
913 497 1045 550 manenti

131 569 238 639 Nescio,
251 569 433 624 adolescentia
449 585 512 623 mea
530 570 649 622 miserior
661 568 702 638 sit,
716 586 750 621 an
769 576 893 621 senectus
910 576 972 620 tua:
992 583 1045 634 ego

132 639 227 706 inipso
240 639 331 693 robore
346 642 442 694 aetatis
459 638 569 708 eripior:
590 638 639 690 tibi
657 637 774 692 carnifex
792 638 914 708 spiritum
932 637 1044 703 adimet,

131 725 213 778 quem
231 709 254 761 si
271 709 375 764 fortuna
393 706 688 778 expectarevoluisset,
708 715 800 760 natura
818 705 952 775 poscebat.
989 705 1045 758 Ad·

131 777 234 832 mouuit
251 795 296 832 me
314 779 395 849 patris
419 779 473 832 mei
492 777 600 846 mentio,
619 794 700 845 qnam
720 776 812 830 timide
830 785 857 828 et
875 782 1045 843 cunctantur,

130 865 200 918 quae
221 848 365 902 Cebalinus
384 847 516 902 detulerat
535 846 569 900 ad
590 863 642 915 me,
663 847 778 900 indicare
796 845 944 898 debuerim.
982 844 1046 896 Par-

131 917 219 970 menio
228 919 309 990 enim,
320 935 385 972 cum
399 917 525 984 audisset,
540 933 674 969 venenum
686 933 702 968 a
715 916 847 985 Phidippo
864 915 969 969 medico
989 914 1046 982 regi

131 987 224 1056 parari,
247 987 382 1041 deterrere
406 1005 470 1040 eum
494 985 577 1038 voluit
600 985 712 1054 epistola
742 986 847 1054 scripta,
872 1000 924 1054 quo
954 982 1048 1036 minus

131 1056 361 1110 medicamentum
383 1056 496 1127 biberet,
521 1054 592 1126 quod
615 1055 738 1116 medicus
761 1054 823 1107 dare
853 1053 1047 1106 constitueret}

131 1126 204 1180 Num
217 1127 349 1180 creditum
360 1135 401 1180 est
414 1127 480 1195 patri
498 1125 580 1178 mccl
599 1142 664 1177 num
682 1125 763 1178 ullam
782 1124 965 1176 auctoritatem
983 1122 1047 1192 ejus

133 1195 234 1250 litterae
247 1195 416 1250 habuerunt?
448 1197 505 1264 Ego
517 1195 581 1264 ipse,
611 1197 712 1248 uotiene
721 1211 791 1263 quae
803 1193 938 1246 audieram
949 1191 1046 1262 detuli,

132 1281 194 1318 cum
217 1264 331 1318 ludibrio
348 1264 513 1318 credulitatis
535 1211 658 1333 reprilsus
681 1281 750 1318 sum.
787 1263 813 1316 Si
837 1271 865 1315 et
888 1278 950 1314 cum
975 1261 1046 1314 indi·

131 1349 234 1402 camus,
253 1335 339 1406 invisi,
358 1343 465 1388 etcum
483 1343 612 1402 tacemus,
626 1334 742 1402 suspecti
760 1349 858 1401 sumus,
872 1331 934 1401 quid
953 1330 1047 1384 facere

132 1419 180 1456 uos
197 1405 318 1473 oportett
354 1405 474 1473 Cumque
492 1419 561 1456 unns
579 1419 594 1454 e
612 1403 842 1456 circumstantium
860 1401 937 1454 turba
954 1401 1046 1453 excla-

132 1480 239 1542 massot,
258 1473 331 1527 bene
349 1473 451 1526 meritis
469 1490 520 1526 non
538 1471 673 1525 insidiari:
692 1472 816 1540 Philotas,
838 1473 928 1538 Recte,
947 1470 1045 1540 inquit,

131 1542 253 1662 fluisquis
276 1560 312 1614 es,
332 1543 408 1596 dicis.
444 1543 536 1612 ltaque
562 1541 584 1594 si
609 1541 748 1594 insidiatus
770 1559 838 1610 sum,
858 1557 971 1610 poenam
989 1557 1046 1593 non

151 1628 266 1682 sprecor,
291 1621 319 1666 et
343 1614 426 1666 ffirem
455 1611 523 1664 facio
552 1610 668 1673 dicendi,
692 1612 818 1680 quoniam
841 1610 936 1664 ultima
959 1610 1047 1663 verba

131 1683 222 1748 gravia
238 1691 298 1737 sunt
311 1682 368 1736 visa
385 1681 503 1736 auribus.
540 1680 688 1734 Abducitur
706 1680 804 1734 deinde
816 1680 851 1733 ab
864 1681 913 1749 his,
926 1680 971 1749 qui
983 1696 1047 1733 cus-

132 1749 350 1808 todiebanteum.
703 1795 704 1798 η

165 1824 209 1874 41.
228 1823 292 1878 Erat
311 1823 380 1876 inter
399 1821 483 1874 duces
502 1836 584 1874 manu
603 1828 727 1873 strenuus
747 1818 827 1872 Rolon
840 1817 956 1888 quidam,
969 1819 1049 1888 pacis

131 1889 226 1948 artium
239 1902 266 1946 et
278 1892 365 1946 civilis
377 1890 493 1945 habitus²
505 1889 584 1960 rudis,
598 1899 675 1943 vetus
687 1889 774 1960 miles,
787 1889 822 1944 ab
840 1887 934 1942 humili
951 1887 1048 1941 ordine

131 1958 165 2012 ad
177 1979 240 2017 eum
252 1962 372 2031 gradum,
386 1963 412 2014 in
429 1976 482 2031 quo
501 1969 563 2012 tunc
583 1968 646 2027 erat,
660 1968 809 2028 promotus:
828 1958 875 2028 qui
895 1958 1048 2015 tacentibus

131 2031 237 2102 ceteris,
251 2031 347 2085 stolida
358 2030 472 2085 audacia
488 2029 571 2099 ferox,
583 2028 728 2082 admonere
747 2045 794 2080 eos
811 2028 906 2097 coepit,
919 2027 1048 2097 quotiens

131 2100 310 2170 unisquisque
322 2099 478 2168 diversoriis,
492 2115 561 2166 quae
573 2097 768 2167 occupassent,³
779 2097 947 2168 proturbatus
962 2105 1047 2166 esset,

132 2177 160 2222 ut
183 2171 368 2240 purgamenta⁴
390 2185 527 2222 servorum
555 2167 677 2221 Philotae
705 2167 885 2236 reciperentur
907 2183 939 2220 eo
958 2167 1048 2224 ⁴unde

128 2239 326 2292 commilitones
352 2238 506 2308 expulisset.
551 2239 622 2290 Auro
652 2245 814 2305 argentoque
839 2205 962 2288 vehicula
984 2235 1050 2304 ejus

131 2317 227 2362 onusta
239 2307 300 2361 totis
311 2307 378 2360 vicis
390 2308 504 2376 stetisse,
517 2323 550 2358 ac
561 2322 595 2358 ne
608 2307 634 2358 in
646 2306 773 2359 viciniam
785 2305 895 2375 quidem
906 2305 1050 2358 diversorii

131 2394 295 2448 quemquam
307 2376 518 2430 commilitonem
531 2384 668 2446 receptum
681 2392 749 2444 esse,
763 2375 810 2428 sed
829 2392 876 2444 per
893 2374 1047 2444 dispositos,

131 2465 198 2518 quos
220 2464 299 2517 supra
323 2447 457 2500 somnum⁶
474 2445 599 2513 habebat,
619 2461 714 2498 ornnes
736 2444 827 2515 procul
851 2444 990 2512 relegatos,
1012 2460 1049 2496 ne

156 2583 167 2606 ¹¹
176 2577 232 2626 The
249 2587 317 2636 story
328 2575 348 2624 is
365 2573 457 2623 related
474 2574 498 2622 in
513 2572 657 2628 iii.14.and
673 2573 698 2620 in
713 2573 761 2622 fact
778 2574 803 2620 in
818 2573 870 2621 that
882 2572 989 2622 instance
1002 2573 1049 2621 the

128 2637 214 2698 'king's
225 2634 349 2698 disregard
359 2633 386 2683 of
394 2633 546 2682 Parmenio's
557 2633 710 2682 information
721 2633 741 2680 is
750 2648 809 2693 very
819 2632 959 2692 surprising.
987 2631 1048 2681 The

131 2696 233 2766 history,
246 2706 295 2752 too,
308 2693 336 2743 of
343 2694 384 2742 the
396 2703 481 2742 events
492 2695 605 2741 between
616 2693 667 2740 that
679 2692 762 2751 period
771 2691 816 2740 and
827 2692 869 2740 the
897 2701 976 2741 resent
988 2691 1049 2740 trial

131 2754 159 2802 of
169 2755 290 2812 Philotas,
303 2754 347 2802 has
358 2753 486 2813 presented
497 2767 527 2801 us
538 2751 597 2800 with
609 2750 746 2802 morethan
756 2767 802 2800 one
813 2766 872 2811 proc
896 2750 924 2799 of
936 2751 976 2799 the
995 2751 1048 2800 fact

131 2813 183 2862 that
195 2814 335 2862 Alexander
363 2827 406 2862 ave
416 2827 474 2872 very
483 2811 545 2859 little
555 2810 645 2870 weight
658 2820 683 2858 to
693 2810 844 2858 Parmenio's
856 2809 982 2866 counsels;
997 2811 1049 2860 and

131 2872 218 2921 indeed
229 2888 266 2922 we
277 2887 319 2920 see
330 2829 478 2932 tiroughout
489 2871 541 2918 that
552 2871 583 2918 he
594 2869 641 2918 had
653 2884 683 2917 an
694 2868 784 2918 inward
797 2868 907 2916 aversion
917 2877 942 2915 to
953 2867 1015 2917 him.

159 2945 253 2994 ’‘Gisil
272 2946 332 3001 (that
349 2946 379 3002 is,
398 2944 516 3004 poliched)
534 2945 666 3000 manners‚’
686 2959 713 2992 as
730 2942 906 3004 distinguished
922 2942 985 2992 from
1002 2944 1050 2993 the

131 3005 217 3066 rougb,
230 3004 299 3052 blunt
309 3019 377 3064 ways
388 3004 416 3052 of
423 3021 437 3053 a
447 3003 543 3052 soldier.

159 3077 248 3124 'With
258 3078 357 3137 quiaque
366 3077 408 3125 the
419 3077 477 3125 verb
489 3077 513 3124 in
523 3075 678 3125 subordinate
689 3075 784 3124 clauses
800 3075 821 3124 is
840 3075 981 3124 sometimes
1018 3087 1048 3126 nt

131 3133 465 3250 &ghgssmd'dddfgoigai
476 3135 501 3184 in
520 3136 561 3184 the
580 3134 677 3195 leading
695 3135 777 3184 clause
796 3135 817 3184 is
833 3134 858 3182 in
868 3135 910 3182 the
926 3091 1049 3195 singular.

147 3264 167 3366 ἶ
177 3256 442 3365 ‘'trblmsffsoonringsss
460 3273 474 3304 a
489 3266 573 3318 strong
588 3257 730 3316 expression
744 3255 781 3304 for
801 3256 843 3305 the
864 3265 974 3306 meauest
996 3259 1052 3308 and

129 3334 154 3366 rr
164 3333 191 3366 es
213 3333 226 3366 o
279 3351 284 3364 .

159 3379 1053 3444 ¹›S'aproaudaopcr(seeri.213),usedinreferencetoofficersappoiuted
1150 3391 1151 3394 ’

130 3455 188 3489 over
204 3438 358 3508 aemathium
376 3437 496 3506 therefore
513 3441 555 3499 qui
574 3437 674 3489 Caesari
689 3448 724 3489 eat
739 3455 813 3502 aspra
827 3442 914 3498 honor,
931 3441 1051 3500 superiu-

131 3499 229 3548 tendant
239 3498 268 3548 of
274 3498 321 3548 aba
332 3495 443 3559 rmperral
453 3497 564 3558 gardana.
