2438 3886
153 253 192 310 bd
417 269 456 308 ua
481 269 588 308 essars
610 267 794 308 susannam.

152 387 219 434 sent.
256 377 350 430 Contra
361 378 433 447 Tyrii
446 377 552 445 navigia
569 376 658 446 procul
671 393 687 428 a
699 383 840 446 conspectu
859 375 972 431 hostiurn
991 375 1059 427 litori

152 446 294 516 apellant,
319 448 495 516 expositisque
520 446 653 516 militibus,
679 463 731 514 eos,
756 446 802 514 qui
825 463 888 497 saxa
911 444 1057 512 gestabant,

152 465 315 570 obtruncant.
364 517 392 569 ln
417 517 515 568 Libano
539 533 643 584 quoque
667 517 785 568 Arabum
810 516 936 581 agrestes¹
961 516 1060 566 incom-

186 588 249 649 sitos
266 585 429 638 Macedonas
446 587 536 652 adorti,
558 586 660 652 triginta
678 585 738 636 lere
753 585 919 650 interficiunt,
933 583 1059 654 pauciori-

171 671 202 708 us
220 655 314 724 captis.
352 657 391 708 Ea
410 673 452 708 res
470 654 649 708 Alexandrum
669 654 787 706 dividere
806 655 895 722 copias
912 655 1012 720 coegit:
1032 663 1058 704 et

152 741 186 778 ne
198 725 312 792 segniter
328 725 445 777 assidere
463 726 507 776 uni
527 724 585 775 urbi
603 723 744 792 videretur,
758 724 829 792 operi
843 723 984 776 Perdiccan
999 724 1059 774 Cra·

109 817 111 822 ⁸
152 795 288 862 teronque²
302 795 436 863 praefecit,
451 795 506 861 ipse
524 809 587 844 cum
604 794 727 860 expedita
746 809 825 844 mauu
838 794 961 844 Arabiam
974 791 1058 870 petiit.

189 868 226 916 12.
246 865 315 916 lnter
340 864 406 916 haec
434 863 505 930 Tyrii
534 879 631 914 navem
655 861 834 930 magnitudine
857 863 965 930 eximia,
990 877 1060 914 sarrs

151 949 283 1002 arenaque
297 951 314 984 a
333 932 424 1002 puppi³
440 941 584 994 alteratam,
599 931 633 982 ita
652 941 679 982 ut
699 931 809 982 multum
829 947 902 998 prora
920 932 1057 999 emineret,

152 1001 332 1056 bitumineae
353 1003 477 1070 sulpbure
499 1001 590 1051 illitam
610 1001 691 1052 remis
713 1002 925 1067 concitaverunt,
948 1009 1056 1052 etcum

152 1067 276 1138 magnam
299 1072 354 1123 vim
379 1072 449 1121 venti
472 1069 529 1120 vela
549 1087 652 1137 quoque
672 1070 862 1138 correspissent,
883 1072 1004 1122 celeriter
1022 1069 1058 1122 ad

151 1141 250 1193 molem
262 1140 404 1192 successit:
424 1151 479 1190 tum
500 1156 572 1206 prora
591 1139 648 1207 ejus
665 1157 785 1205 accensa,
801 1141 914 1206 remiges
926 1139 1058 1190 desiluere

152 1210 178 1262 in
203 1209 322 1278 scaphas,
347 1225 415 1278 quae
437 1207 472 1259 arl
497 1209 546 1260 boc
570 1209 655 1276 ipsum
679 1218 849 1277 praeparatae
872 1209 1057 1277 sequebantur.

151 1279 335 1332 Navisautem
348 1277 409 1346 igne
422 1288 548 1346 concepto
567 1277 645 1328 latius
662 1277 773 1330 sundere
792 1278 942 1330 incendium
962 1279 1057 1346 coepit,

151 1348 227 1416 quod,
249 1349 400 1416 priusquam
424 1355 512 1415 posset
536 1346 643 1414 occurri,
665 1357 748 1399 turres
771 1357 796 1398 ct
821 1357 909 1398 cetera
930 1365 1010 1415 opera
1031 1347 1057 1399 in

151 1416 239 1485 capite
262 1416 339 1468 molis
361 1417 445 1486 posita
465 1415 672 1485 comprehendit.
720 1419 755 1468 At
778 1417 825 1484 qui
846 1417 1006 1468 desiluerant
1030 1416 1059 1468 iu

151 1500 232 1565 parva
252 1485 365 1554 navigia,
387 1485 468 1554 laces,
490 1498 516 1538 et
540 1484 664 1554 quicquid
688 1486 783 1537 alendo
803 1486 857 1553 igni
880 1495 973 1554 aptum
993 1495 1057 1554 erat,

152 1571 179 1606 m
197 1555 292 1606 eadem
314 1570 393 1624 opera
412 1555 540 1622 ingerunt.
576 1555 689 1625 Jamque
710 1571 760 1606 nou
782 1557 860 1606 modo
880 1556 1058 1610 Macedonum

152 1630 243 1690 turres,
256 1624 303 1676 sed
316 1624 397 1676 ctiam
414 1641 520 1678 summa
538 1623 665 1676 tabulata⁴
683 1639 855 1692 conceperam
874 1625 977 1692 ignem:
997 1641 1058 1677 cum

152 1691 187 1761 tri,
200 1691 246 1762 qui
257 1692 284 1744 in
304 1693 417 1746 turribus
435 1702 517 1762 erant,
532 1693 625 1762 partim
644 1693 807 1746 haurirentur
821 1694 948 1755 incendio,
963 1695 1058 1762 partim

152 1763 233 1814 armis
249 1761 362 1830 omissis,
381 1763 407 1815 in
425 1779 498 1814 mare
517 1771 602 1814 semet
621 1763 670 1832 ipsi
691 1762 872 1815 immitterent.
920 1767 955 1816 At
974 1763 1057 1832 Tyrii,

151 1831 196 1901 qui
214 1847 310 1899 capere
328 1848 380 1900 eos,
399 1847 478 1900 quam
499 1830 644 1884 interficere
663 1832 779 1898 mallent,
800 1833 946 1884 natantium
964 1849 1060 1886 manus

152 1900 284 1970 stipitibus
302 1900 426 1971 saxisque
444 1899 603 1968 lacerabant,
623 1900 707 1953 donec
730 1901 869 1953 debilitati⁶
887 1903 995 1970 impune
1014 1919 1058 1954 na·

144 1969 228 2038 'rigiis
240 1969 326 2038 excipi
338 1979 453 2038 possent.
489 1971 547 2022 Nec
565 1969 686 2022 incendio
705 1970 789 2022 solum
802 1987 882 2038 opera
894 1979 1057 2040 consumpta,

152 2041 197 2091 sed
217 2039 283 2091 forte
300 2039 396 2092 eodem
414 2039 652 2092 dierehementicr
666 2050 759 2092 ventus
779 2049 860 2092 totum
879 2057 914 2092 ex
930 2039 1059 2108 profundo

152 2123 225 2160 mare
245 2107 316 2160 illisit
335 2109 362 2160 in
381 2108 486 2174 molem,
503 2108 653 2176 crebrisque
673 2109 797 2168 fluctibus
812 2124 955 2178 compages
972 2111 1059 2178 operis

153 2176 305 2228 verberatae
317 2175 461 2244 laxavere,⁶
473 2193 589 2244 saxaque
603 2177 756 2230 interfluens
769 2180 838 2230 unda
856 2177 977 2236 medium
994 2195 1060 2247 opus

153 2245 229 2313 rupit.
265 2245 379 2297 Prorutis
396 2245 476 2312 igitur
492 2245 610 2313 lapidum
629 2247 749 2312 cumulis,
762 2247 859 2316 quibus
876 2247 972 2318 injecta
990 2256 1059 2300 terra

153 2313 336 2382 sustinebatur,
358 2329 485 2383 praeceps
508 2313 534 2365 in
555 2314 714 2382 profundum
738 2319 796 2384 ruit,
818 2325 958 2386 tantaeque
982 2317 1059 2370 molis

152 2381 198 2436 rix
209 2381 263 2434 ulla
275 2383 386 2450 vestigia
397 2383 496 2434 invenit
509 2383 616 2435 Arabia⁷
628 2385 731 2438 rediens
744 2386 903 2438 Alexander.

189 2457 226 2504 13.
246 2451 315 2520 Hic,⁸
326 2451 395 2521 quod
413 2453 437 2504 in
450 2451 569 2504 adversis
588 2453 667 2506 rebus
684 2453 750 2507 solet
768 2456 833 2524 fieri,
846 2455 914 2508 alius
932 2456 957 2508 iu
975 2456 1078 2508 alium·

152 2521 257 2590 culpam
281 2521 450 2589 referebant,⁹
472 2538 534 2573 cum
558 2539 650 2574 omnes
673 2525 762 2576 verius
784 2523 818 2576 de
842 2524 954 2578 saevitia
978 2525 1059 2578 maris

152 2589 225 2659 queri
244 2599 358 2660 possenti
394 2591 450 2644 Rex
470 2591 529 2642 novi
548 2594 634 2660 operis
654 2593 752 2646 molem
772 2611 853 2662 orsus,
872 2594 900 2646 in
915 2594 1057 2646 adversum

151 2668 261 2712 ventum
273 2677 323 2712 non
335 2660 424 2728 latere,
438 2659 486 2713 sed
499 2670 570 2712 recta
582 2661 665 2714 sronte
683 2663 795 2716 direxit:
813 2679 846 2714 ea
864 2673 953 2715 cetera
969 2679 1056 2732 opera,

152 2727 223 2780 velut
236 2729 286 2783 sub
302 2729 359 2799 ipsa
377 2729 493 2799 latentia,
506 2731 644 2784 tuebatur:
664 2731 829 2785 latitudinem
847 2749 951 2802 quoque
968 2734 1057 2801 aggeri

152 2917 157 2926 ¹
180 2859 253 2944 ¹,The
264 2861 489 2966 gepitivespappitipe
497 2861 590 2967 :hlitpra
609 2877 633 2922 y,
647 2863 720 2911 ‘wild
731 2878 788 2911 men
799 2863 826 2912 of
833 2864 873 2912 the
886 2864 967 2912 Arabs
975 2865 991 2922 ;'
1004 2864 1056 2912 that

151 2932 688 3044 1⁸’¹'lllrilsu(ndreeerlroacdiisativiraissiarelyused.
720 2981 741 3029 It
754 2982 774 3030 is
783 2997 848 3030 more
857 2999 978 3039 common,
989 2983 1055 3031 how-

149 3049 214 3090 ever,
227 3050 252 3082 m
262 3050 344 3106 names
355 3036 383 3104 ol
395 3047 481 3091 towns,
495 3053 521 3084 as
536 3037 634 3092 Tarson,
648 3039 732 3107 Delon,
746 3041 794 3088 dac.
1031 3047 1033 3052 '

177 3098 189 3182 :¹
219 3111 262 3200 apo
310 3095 527 3182 5‘pnthestem!
560 3097 1054 3166 Eorthrsuseofcb,seeZumpt‚bitot.

148 3155 968 3303 n,attrstttrrttt'ttttlttlltalttttlttrl“Mt
999 3157 1054 3206 nn

176 3269 1052 3398 ·dllllllilsllldll'lliidlli‘tribillo?’lllllillldlilb

177 3391 185 3416 ⁸
196 3388 257 3436 Thrs
268 3387 343 3457 ought
354 3387 463 3447 properly
475 3396 499 3436 to
508 3388 569 3437 hara
579 3392 642 3438 been
651 3407 679 3459 ca
690 3394 753 3439 orob
763 3391 859 3442 Ambio.
894 3452 899 3462 ,

176 3447 242 3554 :lin
253 3447 305 3554 thpst
312 3461 467 3556 erlnerpancy¹3
478 3447 554 3496 under
564 3448 624 3496 such
635 3452 843 3508 cucumstances‚’
855 3467 882 3500 us
893 3467 917 3500 m
928 3451 997 3517 chop.
1010 3456 1046 3503 17.

229 3522 278 3568 ung
317 3522 369 3556 aso
396 3521 440 3556 ave
468 3508 642 3570 eeurq'ersbat.
673 3509 721 3558 See
732 3509 830 3572 Zumpt.
844 3510 921 3564 5³67.
