<?xml version="1.0" encoding="UTF-8"?>
<!DOCTYPE html PUBLIC "-//W3C//DTD XHTML 1.0 Transitional//EN"
    "http://www.w3.org/TR/xhtml1/DTD/xhtml1-transitional.dtd">
<html xmlns="http://www.w3.org/1999/xhtml" xml:lang="en" lang="en">
 <head>
  <title>
</title>
<meta http-equiv="Content-Type" content="text/html;charset=utf-8" />
  <meta name='ocr-system' content='tesseract 3.04.00' />
  <meta name='ocr-capabilities' content='ocr_page ocr_carea ocr_par ocr_line ocrx_word'/>
</head>
<body>
  <div class='ocr_page' id='page_1' title='image "./qcurtiirufidege01zumpgoog_0254.png"; bbox 0 0 2314 3886; ppageno 0'>
   <div class='ocr_carea' id='block_1_1' title="bbox 164 223 804 282">
    <p class='ocr_par' dir='ltr' id='par_1_1' title="bbox 164 223 804 282">
     <span class='ocr_line' id='line_1_1' title="bbox 164 223 804 282; baseline -0.003 -2"><span class='ocrx_word' id='word_1_1' title='bbox 164 223 224 280; x_wconf 77' lang='lat' dir='ltr'>eto</span> <span class='ocrx_word' id='word_1_2' title='bbox 432 237 472 280; x_wconf 76' lang='lat' dir='ltr'>nc</span> <span class='ocrx_word' id='word_1_3' title='bbox 495 237 600 280; x_wconf 79' lang='lat' dir='ltr'>carris</span> <span class='ocrx_word' id='word_1_4' title='bbox 620 239 804 282; x_wconf 70' lang='lat' dir='ltr'>sconsum.</span> 
     </span>
    </p>
   </div>
   <div class='ocr_carea' id='block_1_2' title="bbox 164 345 1080 429">
    <p class='ocr_par' dir='ltr' id='par_1_2' title="bbox 164 345 1080 429">
     <span class='ocr_line' id='line_1_2' title="bbox 164 345 1080 429; baseline 0.001 -28"><span class='ocrx_word' id='word_1_5' title='bbox 164 345 275 402; x_wconf 82' lang='lat' dir='ltr'>Menses</span> <span class='ocrx_word' id='word_1_6' title='bbox 285 348 313 401; x_wconf 89' lang='lat' dir='ltr'>in</span> <span class='ocrx_word' id='word_1_7' title='bbox 324 348 418 418; x_wconf 81' lang='lat' dir='ltr'>quinos</span> <span class='ocrx_word' id='word_1_8' title='bbox 429 347 513 401; x_wconf 84' lang='lat' dir='ltr'>denos</span> <span class='ocrx_word' id='word_1_9' title='bbox 524 346 719 420; x_wconf 79' lang='lat' dir='ltr'>descripsomnt</span> <span class='ocrx_word' id='word_1_10' title='bbox 730 348 796 416; x_wconf 81' lang='lat' dir='ltr'>dies,</span> <span class='ocrx_word' id='word_1_11' title='bbox 809 347 874 402; x_wconf 85' lang='lat' dir='ltr'>anni</span> <span class='ocrx_word' id='word_1_12' title='bbox 889 347 981 418; x_wconf 82' lang='lat' dir='ltr'>plena</span> <span class='ocrx_word' id='word_1_13' title='bbox 996 348 1080 429; x_wconf 62' lang='lat' dir='ltr'>spati</span> 
     </span>
    </p>
   </div>
   <div class='ocr_carea' id='block_1_3' title="bbox 158 417 1081 2560">
    <p class='ocr_par' dir='ltr' id='par_1_3' title="bbox 162 417 1078 816">
     <span class='ocr_line' id='line_1_3' title="bbox 165 417 1077 488; baseline 0.001 -18"><span class='ocrx_word' id='word_1_14' title='bbox 165 426 309 470; x_wconf 84' lang='lat' dir='ltr'>servantur.</span> <span class='ocrx_word' id='word_1_15' title='bbox 346 417 437 470; x_wconf 90' lang='lat' dir='ltr'>Lunae</span> <span class='ocrx_word' id='word_1_16' title='bbox 457 433 535 470; x_wconf 84' lang='lat' dir='ltr'>cursu</span> <span class='ocrx_word' id='word_1_17' title='bbox 555 425 645 471; x_wconf 88' lang='lat' dir='ltr'>notant</span> <span class='ocrx_word' id='word_1_18' title='bbox 665 426 792 488; x_wconf 85' lang='lat' dir='ltr'>tempora,</span> <span class='ocrx_word' id='word_1_19' title='bbox 814 434 872 486; x_wconf 89' lang='lat' dir='ltr'>non,</span> <span class='ocrx_word' id='word_1_20' title='bbox 894 427 926 470; x_wconf 90' lang='lat' dir='ltr'>ut</span> <span class='ocrx_word' id='word_1_21' title='bbox 948 418 1077 488; x_wconf 79' lang='lat' dir='ltr'>plerique,</span> 
     </span>
     <span class='ocr_line' id='line_1_4' title="bbox 164 485 1078 558; baseline 0.001 -18"><span class='ocrx_word' id='word_1_22' title='bbox 164 501 226 540; x_wconf 87' lang='lat' dir='ltr'>cum</span> <span class='ocrx_word' id='word_1_23' title='bbox 245 485 338 540; x_wconf 89' lang='lat' dir='ltr'>orbem</span> <span class='ocrx_word' id='word_1_24' title='bbox 362 487 435 540; x_wconf 88' lang='lat' dir='ltr'>sidus</span> <span class='ocrx_word' id='word_1_25' title='bbox 457 486 586 556; x_wconf 86' lang='lat' dir='ltr'>implevit,</span> <span class='ocrx_word' id='word_1_26' title='bbox 607 487 653 540; x_wconf 86' lang='lat' dir='ltr'>sed</span> <span class='ocrx_word' id='word_1_27' title='bbox 674 504 737 540; x_wconf 90' lang='lat' dir='ltr'>curn</span> <span class='ocrx_word' id='word_1_28' title='bbox 756 505 786 539; x_wconf 83' lang='lat' dir='ltr'>se</span> <span class='ocrx_word' id='word_1_29' title='bbox 806 503 919 540; x_wconf 82' lang='lat' dir='ltr'>curvare</span> <span class='ocrx_word' id='word_1_30' title='bbox 940 489 1037 558; x_wconf 85' lang='lat' dir='ltr'>coepit</span> <span class='ocrx_word' id='word_1_31' title='bbox 1055 490 1078 542; x_wconf 90' lang='lat' dir='ltr'>in</span> 
     </span>
     <span class='ocr_line' id='line_1_5' title="bbox 163 556 1078 626; baseline 0.002 -18"><span class='ocrx_word' id='word_1_32' title='bbox 163 571 268 625; x_wconf 85' lang='lat' dir='ltr'>cornua,</span> <span class='ocrx_word' id='word_1_33' title='bbox 293 565 319 608; x_wconf 89' lang='lat' dir='ltr'>et</span> <span class='ocrx_word' id='word_1_34' title='bbox 342 556 439 609; x_wconf 89' lang='lat' dir='ltr'>idcirco</span> <span class='ocrx_word' id='word_1_35' title='bbox 462 556 598 612; x_wconf 82' lang='lat' dir='ltr'>breviores</span> <span class='ocrx_word' id='word_1_36' title='bbox 621 557 719 609; x_wconf 85' lang='lat' dir='ltr'>habent</span> <span class='ocrx_word' id='word_1_37' title='bbox 745 573 861 622; x_wconf 75' lang='lat' dir='ltr'>menses,</span> <span class='ocrx_word' id='word_1_38' title='bbox 884 557 935 624; x_wconf 90' lang='lat' dir='ltr'>qui</span> <span class='ocrx_word' id='word_1_39' title='bbox 962 559 1078 626; x_wconf 82' lang='lat' dir='ltr'>spatium</span> 
     </span>
     <span class='ocr_line' id='line_1_6' title="bbox 163 625 1077 694; baseline 0.001 -16"><span class='ocrx_word' id='word_1_40' title='bbox 163 641 255 678; x_wconf 85' lang='lat' dir='ltr'>eorum</span> <span class='ocrx_word' id='word_1_41' title='bbox 274 625 309 678; x_wconf 84' lang='lat' dir='ltr'>ad</span> <span class='ocrx_word' id='word_1_42' title='bbox 328 626 399 678; x_wconf 89' lang='lat' dir='ltr'>hunc</span> <span class='ocrx_word' id='word_1_43' title='bbox 418 625 496 679; x_wconf 90' lang='lat' dir='ltr'>lunae</span> <span class='ocrx_word' id='word_1_44' title='bbox 516 626 626 678; x_wconf 89' lang='lat' dir='ltr'>modum</span> <span class='ocrx_word' id='word_1_45' title='bbox 645 626 779 694; x_wconf 88' lang='lat' dir='ltr'>dirigunt.¹</span> <span class='ocrx_word' id='word_1_46' title='bbox 814 625 903 679; x_wconf 89' lang='lat' dir='ltr'>Multa</span> <span class='ocrx_word' id='word_1_47' title='bbox 916 635 945 678; x_wconf 91' lang='lat' dir='ltr'>et</span> <span class='ocrx_word' id='word_1_48' title='bbox 959 627 1019 679; x_wconf 83' lang='lat' dir='ltr'>alia</span> <span class='ocrx_word' id='word_1_49' title='bbox 1032 637 1077 679; x_wconf 89' lang='lat' dir='ltr'>tra·</span> 
     </span>
     <span class='ocr_line' id='line_1_7' title="bbox 162 693 1078 816; baseline 0.002 -70"><span class='ocrx_word' id='word_1_50' title='bbox 162 693 267 816; x_wconf 62' lang='lat' dir='ltr'>dudntpar²</span> <span class='ocrx_word' id='word_1_51' title='bbox 292 694 389 764; x_wconf 87' lang='lat' dir='ltr'>quibus</span> <span class='ocrx_word' id='word_1_52' title='bbox 411 695 506 748; x_wconf 85' lang='lat' dir='ltr'>morari</span> <span class='ocrx_word' id='word_1_53' title='bbox 529 695 648 748; x_wconf 79' lang='lat' dir='ltr'>ordinem</span> <span class='ocrx_word' id='word_1_54' title='bbox 672 711 758 748; x_wconf 89' lang='lat' dir='ltr'>rerum</span> <span class='ocrx_word' id='word_1_55' title='bbox 782 693 854 748; x_wconf 84' lang='lat' dir='ltr'>haud</span> <span class='ocrx_word' id='word_1_56' title='bbox 876 711 946 748; x_wconf 86' lang='lat' dir='ltr'>sane</span> <span class='ocrx_word' id='word_1_57' title='bbox 973 697 1078 766; x_wconf 72' lang='lat' dir='ltr'>operae¹</span> 
     </span>
     <span class='ocr_line' id='line_1_8' title="bbox 162 773 308 816; baseline 0 0"><span class='ocrx_word' id='word_1_58' title='bbox 162 779 188 816; x_wconf 82' lang='lat' dir='ltr'>vr</span> <span class='ocrx_word' id='word_1_59' title='bbox 206 781 223 814; x_wconf 56' lang='lat' dir='ltr'>‘e</span> <span class='ocrx_word' id='word_1_60' title='bbox 260 773 308 816; x_wconf 90' lang='lat' dir='ltr'>tur.</span> 
     </span>
    </p>

    <p class='ocr_par' dir='ltr' id='par_1_4' title="bbox 159 832 1081 2198">
     <span class='ocr_line' id='line_1_9' title="bbox 198 832 1077 902; baseline 0.003 -17"><span class='ocrx_word' id='word_1_61' title='bbox 198 837 239 886; x_wconf 77' lang='lat'>³4.</span> <span class='ocrx_word' id='word_1_62' title='bbox 258 833 341 902; x_wconf 85' lang='lat' dir='ltr'>Igitur</span> <span class='ocrx_word' id='word_1_63' title='bbox 352 833 502 886; x_wconf 83' lang='lat' dir='ltr'>Alexandro</span> <span class='ocrx_word' id='word_1_64' title='bbox 514 832 582 885; x_wconf 86' lang='lat' dir='ltr'>fines</span> <span class='ocrx_word' id='word_1_65' title='bbox 593 833 685 885; x_wconf 82' lang='lat' dir='ltr'>Indiae</span> <span class='ocrx_word' id='word_1_66' title='bbox 701 832 727 885; x_wconf 91' lang='lat' dir='ltr'>in</span> <span class='ocrx_word' id='word_1_67' title='bbox 760 849 819 885; x_wconf 88' lang='lat' dir='ltr'>esso</span> <span class='ocrx_word' id='word_1_68' title='bbox 830 833 953 901; x_wconf 86' lang='lat' dir='ltr'>gentium</span> <span class='ocrx_word' id='word_1_69' title='bbox 969 851 1077 888; x_wconf 86' lang='lat' dir='ltr'>suarum</span> 
     </span>
     <span class='ocr_line' id='line_1_10' title="bbox 163 902 1076 972; baseline 0.001 -18"><span class='ocrx_word' id='word_1_70' title='bbox 163 902 246 972; x_wconf 83' lang='lat' dir='ltr'>reguli</span> <span class='ocrx_word' id='word_1_71' title='bbox 258 911 434 971; x_wconf 80' lang='lat' dir='ltr'>occurrerunt,</span> <span class='ocrx_word' id='word_1_72' title='bbox 448 903 578 970; x_wconf 84' lang='lat' dir='ltr'>imperata</span> <span class='ocrx_word' id='word_1_73' title='bbox 597 902 698 970; x_wconf 85' lang='lat' dir='ltr'>facturi,</span> <span class='ocrx_word' id='word_1_74' title='bbox 712 903 728 954; x_wconf 93' lang='lat' dir='ltr'>il</span> <span class='ocrx_word' id='word_1_75' title='bbox 742 919 787 954; x_wconf 85' lang='lat' dir='ltr'>um</span> <span class='ocrx_word' id='word_1_76' title='bbox 800 903 906 954; x_wconf 87' lang='lat' dir='ltr'>tertium</span> <span class='ocrx_word' id='word_1_77' title='bbox 919 903 996 956; x_wconf 82' lang='lat' dir='ltr'>Jove</span> <span class='ocrx_word' id='word_1_78' title='bbox 1006 905 1076 972; x_wconf 82' lang='lat' dir='ltr'>geni</span> 
     </span>
     <span class='ocr_line' id='line_1_11' title="bbox 162 971 1078 1042; baseline 0.004 -19"><span class='ocrx_word' id='word_1_79' title='bbox 162 979 218 1024; x_wconf 91' lang='lat' dir='ltr'>tum</span> <span class='ocrx_word' id='word_1_80' title='bbox 231 972 264 1024; x_wconf 88' lang='lat' dir='ltr'>ad</span> <span class='ocrx_word' id='word_1_81' title='bbox 277 972 348 1040; x_wconf 87' lang='lat' dir='ltr'>ipsus</span> <span class='ocrx_word' id='word_1_82' title='bbox 359 972 512 1040; x_wconf 84' lang='lat' dir='ltr'>pervenisse</span> <span class='ocrx_word' id='word_1_83' title='bbox 522 981 715 1023; x_wconf 81' lang='lat' dir='ltr'>memorantes:</span> <span class='ocrx_word' id='word_1_84' title='bbox 736 971 842 1024; x_wconf 88' lang='lat' dir='ltr'>Patrem</span> <span class='ocrx_word' id='word_1_85' title='bbox 852 971 984 1026; x_wconf 86' lang='lat' dir='ltr'>Liberum</span> <span class='ocrx_word' id='word_1_86' title='bbox 999 982 1078 1042; x_wconf 85' lang='lat' dir='ltr'>atque</span> 
     </span>
     <span class='ocr_line' id='line_1_12' title="bbox 162 1039 1077 1110; baseline 0.003 -18"><span class='ocrx_word' id='word_1_87' title='bbox 162 1041 303 1094; x_wconf 84' lang='lat' dir='ltr'>Herculem</span> <span class='ocrx_word' id='word_1_88' title='bbox 318 1041 390 1092; x_wconf 84' lang='lat' dir='ltr'>lama</span> <span class='ocrx_word' id='word_1_89' title='bbox 402 1039 521 1108; x_wconf 84' lang='lat' dir='ltr'>cognitos</span> <span class='ocrx_word' id='word_1_90' title='bbox 533 1041 612 1110; x_wconf 69' lang='lat' dir='ltr'>esse,⁸</span> <span class='ocrx_word' id='word_1_91' title='bbox 624 1042 710 1109; x_wconf 86' lang='lat' dir='ltr'>ipsum</span> <span class='ocrx_word' id='word_1_92' title='bbox 724 1057 812 1092; x_wconf 82' lang='lat' dir='ltr'>coram</span> <span class='ocrx_word' id='word_1_93' title='bbox 827 1041 923 1092; x_wconf 85' lang='lat' dir='ltr'>adesse</span> <span class='ocrx_word' id='word_1_94' title='bbox 936 1044 1077 1110; x_wconf 89' lang='lat' dir='ltr'>cernique.</span> 
     </span>
     <span class='ocr_line' id='line_1_13' title="bbox 162 1107 1078 1180; baseline 0.002 -18"><span class='ocrx_word' id='word_1_95' title='bbox 162 1109 219 1163; x_wconf 77' lang='lat' dir='ltr'>nex</span> <span class='ocrx_word' id='word_1_96' title='bbox 237 1110 351 1178; x_wconf 84' lang='lat' dir='ltr'>benigne</span> <span class='ocrx_word' id='word_1_97' title='bbox 369 1118 494 1180; x_wconf 77' lang='lat' dir='ltr'>exceptos</span> <span class='ocrx_word' id='word_1_98' title='bbox 512 1111 587 1178; x_wconf 88' lang='lat' dir='ltr'>sequi</span> <span class='ocrx_word' id='word_1_99' title='bbox 605 1109 690 1179; x_wconf 87' lang='lat' dir='ltr'>jussit,</span> <span class='ocrx_word' id='word_1_100' title='bbox 704 1107 799 1161; x_wconf 87' lang='lat' dir='ltr'>iisdem</span> <span class='ocrx_word' id='word_1_101' title='bbox 816 1111 942 1162; x_wconf 91' lang='lat' dir='ltr'>itinerum</span> <span class='ocrx_word' id='word_1_102' title='bbox 960 1111 1078 1164; x_wconf 83' lang='lat' dir='ltr'>ducibus</span> 
     </span>
     <span class='ocr_line' id='line_1_14' title="bbox 164 1177 1077 1248; baseline 0.001 -17"><span class='ocrx_word' id='word_1_103' title='bbox 164 1195 264 1231; x_wconf 88' lang='lat' dir='ltr'>usurus.</span> <span class='ocrx_word' id='word_1_104' title='bbox 301 1179 425 1231; x_wconf 88' lang='lat' dir='ltr'>Ceterum</span> <span class='ocrx_word' id='word_1_105' title='bbox 445 1195 506 1231; x_wconf 91' lang='lat' dir='ltr'>cum</span> <span class='ocrx_word' id='word_1_106' title='bbox 527 1178 642 1247; x_wconf 84' lang='lat' dir='ltr'>amplius</span> <span class='ocrx_word' id='word_1_107' title='bbox 661 1177 740 1231; x_wconf 82' lang='lat' dir='ltr'>ne&#39;mo</span> <span class='ocrx_word' id='word_1_108' title='bbox 757 1188 913 1248; x_wconf 83' lang='lat' dir='ltr'>occurreret,</span> <span class='ocrx_word' id='word_1_109' title='bbox 935 1180 982 1231; x_wconf 90' lang='lat' dir='ltr'>He</span> <span class='ocrx_word' id='word_1_110' title='bbox 1004 1180 1077 1232; x_wconf 85' lang='lat' dir='ltr'>haes-</span> 
     </span>
     <span class='ocr_line' id='line_1_15' title="bbox 162 1248 1077 1318; baseline 0.003 -19"><span class='ocrx_word' id='word_1_111' title='bbox 162 1249 262 1300; x_wconf 89' lang='lat' dir='ltr'>tionem</span> <span class='ocrx_word' id='word_1_112' title='bbox 274 1255 300 1299; x_wconf 91' lang='lat' dir='ltr'>et</span> <span class='ocrx_word' id='word_1_113' title='bbox 313 1249 467 1302; x_wconf 83' lang='lat' dir='ltr'>Perdiccam</span> <span class='ocrx_word' id='word_1_114' title='bbox 487 1265 548 1300; x_wconf 90' lang='lat' dir='ltr'>cum</span> <span class='ocrx_word' id='word_1_115' title='bbox 566 1249 700 1318; x_wconf 88' lang='lat' dir='ltr'>copiarum</span> <span class='ocrx_word' id='word_1_116' title='bbox 716 1257 790 1316; x_wconf 91' lang='lat' dir='ltr'>parte</span> <span class='ocrx_word' id='word_1_117' title='bbox 802 1248 940 1316; x_wconf 79' lang='lat' dir='ltr'>praemisit</span> <span class='ocrx_word' id='word_1_118' title='bbox 955 1266 973 1300; x_wconf 87' lang='lat' dir='ltr'>a</span> <span class='ocrx_word' id='word_1_119' title='bbox 1008 1250 1077 1302; x_wconf 90' lang='lat' dir='ltr'>suhi·</span> 
     </span>
     <span class='ocr_line' id='line_1_16' title="bbox 161 1316 1078 1386; baseline 0.005 -20"><span class='ocrx_word' id='word_1_120' title='bbox 161 1317 269 1384; x_wconf 86' lang='lat' dir='ltr'>gendos,</span> <span class='ocrx_word' id='word_1_121' title='bbox 293 1317 339 1384; x_wconf 90' lang='lat' dir='ltr'>qui</span> <span class='ocrx_word' id='word_1_122' title='bbox 362 1325 546 1368; x_wconf 82' lang='lat' dir='ltr'>aversarentur</span> <span class='ocrx_word' id='word_1_123' title='bbox 570 1317 726 1386; x_wconf 89' lang='lat' dir='ltr'>imperium:</span> <span class='ocrx_word' id='word_1_124' title='bbox 756 1316 884 1385; x_wconf 86' lang='lat' dir='ltr'>jussitque</span> <span class='ocrx_word' id='word_1_125' title='bbox 910 1319 945 1368; x_wconf 89' lang='lat' dir='ltr'>ad</span> <span class='ocrx_word' id='word_1_126' title='bbox 974 1320 1078 1372; x_wconf 88' lang='lat' dir='ltr'>flumen</span> 
     </span>
     <span class='ocr_line' id='line_1_17' title="bbox 162 1384 1078 1456; baseline 0.005 -20"><span class='ocrx_word' id='word_1_127' title='bbox 162 1384 255 1436; x_wconf 87' lang='lat' dir='ltr'>indum</span> <span class='ocrx_word' id='word_1_128' title='bbox 277 1384 425 1454; x_wconf 84' lang='lat' dir='ltr'>procedere,</span> <span class='ocrx_word' id='word_1_129' title='bbox 442 1394 468 1437; x_wconf 87' lang='lat' dir='ltr'>ct</span> <span class='ocrx_word' id='word_1_130' title='bbox 488 1386 592 1453; x_wconf 76' lang='lat' dir='ltr'>navigia</span> <span class='ocrx_word' id='word_1_131' title='bbox 610 1387 706 1456; x_wconf 81' lang='lat' dir='ltr'>facere,</span> <span class='ocrx_word' id='word_1_132' title='bbox 725 1388 785 1455; x_wconf 87' lang='lat' dir='ltr'>quis</span> <span class='ocrx_word' id='word_1_133' title='bbox 803 1387 828 1438; x_wconf 95' lang='lat' dir='ltr'>in</span> <span class='ocrx_word' id='word_1_134' title='bbox 847 1385 976 1440; x_wconf 84' lang='lat' dir='ltr'>ulteriora</span> <span class='ocrx_word' id='word_1_135' title='bbox 997 1396 1078 1440; x_wconf 78' lang='lat' dir='ltr'>trane·</span> 
     </span>
     <span class='ocr_line' id='line_1_18' title="bbox 161 1454 1079 1525; baseline 0.009 -22"><span class='ocrx_word' id='word_1_136' title='bbox 161 1455 255 1524; x_wconf 85' lang='lat' dir='ltr'>portari</span> <span class='ocrx_word' id='word_1_137' title='bbox 274 1461 363 1522; x_wconf 83' lang='lat' dir='ltr'>posset</span> <span class='ocrx_word' id='word_1_138' title='bbox 381 1455 520 1507; x_wconf 83' lang='lat' dir='ltr'>exercitus.</span> <span class='ocrx_word' id='word_1_139' title='bbox 559 1454 607 1524; x_wconf 84' lang='lat' dir='ltr'>Illi,</span> <span class='ocrx_word' id='word_1_140' title='bbox 620 1455 685 1524; x_wconf 87' lang='lat' dir='ltr'>quia</span> <span class='ocrx_word' id='word_1_141' title='bbox 701 1455 775 1524; x_wconf 86' lang='lat' dir='ltr'>plura</span> <span class='ocrx_word' id='word_1_142' title='bbox 793 1455 905 1508; x_wconf 86' lang='lat' dir='ltr'>flumina</span> <span class='ocrx_word' id='word_1_143' title='bbox 921 1458 1079 1525; x_wconf 81' lang='lat' dir='ltr'>superanda</span> 
     </span>
     <span class='ocr_line' id='line_1_19' title="bbox 161 1521 1079 1594; baseline 0.007 -20"><span class='ocrx_word' id='word_1_144' title='bbox 161 1531 225 1591; x_wconf 84' lang='lat' dir='ltr'>erat,</span> <span class='ocrx_word' id='word_1_145' title='bbox 239 1523 277 1574; x_wconf 86' lang='lat' dir='ltr'>sic</span> <span class='ocrx_word' id='word_1_146' title='bbox 293 1521 404 1592; x_wconf 81' lang='lat' dir='ltr'>junxere</span> <span class='ocrx_word' id='word_1_147' title='bbox 417 1541 505 1592; x_wconf 85' lang='lat' dir='ltr'>naves,</span> <span class='ocrx_word' id='word_1_148' title='bbox 519 1532 547 1576; x_wconf 93' lang='lat' dir='ltr'>ut</span> <span class='ocrx_word' id='word_1_149' title='bbox 560 1524 660 1576; x_wconf 87' lang='lat' dir='ltr'>solutae</span> <span class='ocrx_word' id='word_1_150' title='bbox 673 1524 795 1593; x_wconf 87' lang='lat' dir='ltr'>plaustris</span> <span class='ocrx_word' id='word_1_151' title='bbox 806 1523 870 1576; x_wconf 89' lang='lat' dir='ltr'>vehi</span> <span class='ocrx_word' id='word_1_152' title='bbox 885 1534 1010 1594; x_wconf 80' lang='lat' dir='ltr'>possent,</span> <span class='ocrx_word' id='word_1_153' title='bbox 1025 1545 1079 1580; x_wconf 89' lang='lat' dir='ltr'>rur·</span> 
     </span>
     <span class='ocr_line' id='line_1_20' title="bbox 161 1593 1077 1665; baseline 0.003 -21"><span class='ocrx_word' id='word_1_154' title='bbox 161 1609 258 1662; x_wconf 87' lang='lat' dir='ltr'>susque</span> <span class='ocrx_word' id='word_1_155' title='bbox 271 1593 401 1662; x_wconf 86' lang='lat' dir='ltr'>conjungi.</span> <span class='ocrx_word' id='word_1_156' title='bbox 439 1594 500 1646; x_wconf 86' lang='lat' dir='ltr'>Post</span> <span class='ocrx_word' id='word_1_157' title='bbox 512 1609 542 1644; x_wconf 89' lang='lat' dir='ltr'>se</span> <span class='ocrx_word' id='word_1_158' title='bbox 554 1594 659 1645; x_wconf 87' lang='lat' dir='ltr'>Cratero</span> <span class='ocrx_word' id='word_1_159' title='bbox 671 1611 733 1646; x_wconf 86' lang='lat' dir='ltr'>curn</span> <span class='ocrx_word' id='word_1_160' title='bbox 746 1593 877 1661; x_wconf 84' lang='lat' dir='ltr'>phalange</span> <span class='ocrx_word' id='word_1_161' title='bbox 893 1593 974 1662; x_wconf 81' lang='lat' dir='ltr'>jusso</span> <span class='ocrx_word' id='word_1_162' title='bbox 990 1596 1077 1665; x_wconf 79' lang='lat' dir='ltr'>sequi,</span> 
     </span>
     <span class='ocr_line' id='line_1_21' title="bbox 160 1662 1079 1732; baseline 0.005 -19"><span class='ocrx_word' id='word_1_163' title='bbox 160 1663 308 1732; x_wconf 84' lang='lat' dir='ltr'>equitatum</span> <span class='ocrx_word' id='word_1_164' title='bbox 327 1679 358 1714; x_wconf 92' lang='lat' dir='ltr'>ac</span> <span class='ocrx_word' id='word_1_165' title='bbox 376 1662 464 1715; x_wconf 85' lang='lat' dir='ltr'>levem</span> <span class='ocrx_word' id='word_1_166' title='bbox 481 1671 640 1716; x_wconf 85' lang='lat' dir='ltr'>armaturam</span> <span class='ocrx_word' id='word_1_167' title='bbox 659 1662 757 1730; x_wconf 85' lang='lat' dir='ltr'>eduxit,</span> <span class='ocrx_word' id='word_1_168' title='bbox 772 1679 877 1730; x_wconf 85' lang='lat' dir='ltr'>eosque,</span> <span class='ocrx_word' id='word_1_169' title='bbox 890 1663 937 1730; x_wconf 90' lang='lat' dir='ltr'>qui</span> <span class='ocrx_word' id='word_1_170' title='bbox 950 1680 1079 1718; x_wconf 85' lang='lat' dir='ltr'>occurre·</span> 
     </span>
     <span class='ocr_line' id='line_1_22' title="bbox 161 1731 1079 1802; baseline 0.004 -19"><span class='ocrx_word' id='word_1_171' title='bbox 161 1742 226 1800; x_wconf 71' lang='lat' dir='ltr'>rant,</span> <span class='ocrx_word' id='word_1_172' title='bbox 240 1732 292 1783; x_wconf 81' lang='lat' dir='ltr'>leri</span> <span class='ocrx_word' id='word_1_173' title='bbox 310 1731 409 1800; x_wconf 89' lang='lat' dir='ltr'>proelio</span> <span class='ocrx_word' id='word_1_174' title='bbox 427 1732 452 1783; x_wconf 91' lang='lat' dir='ltr'>in</span> <span class='ocrx_word' id='word_1_175' title='bbox 465 1731 558 1784; x_wconf 89' lang='lat' dir='ltr'>urbem</span> <span class='ocrx_word' id='word_1_176' title='bbox 573 1731 720 1800; x_wconf 78' lang='lat' dir='ltr'>proximam</span> <span class='ocrx_word' id='word_1_177' title='bbox 732 1731 867 1800; x_wconf 79' lang='lat' dir='ltr'>compulit.</span> <span class='ocrx_word' id='word_1_178' title='bbox 902 1733 969 1784; x_wconf 80' lang='lat' dir='ltr'>lam</span> <span class='ocrx_word' id='word_1_179' title='bbox 984 1751 1079 1802; x_wconf 88' lang='lat' dir='ltr'>super·</span> 
     </span>
     <span class='ocr_line' id='line_1_23' title="bbox 161 1800 1081 1870; baseline 0.002 -18"><span class='ocrx_word' id='word_1_180' title='bbox 161 1808 270 1852; x_wconf 84' lang='lat' dir='ltr'>venerat</span> <span class='ocrx_word' id='word_1_181' title='bbox 293 1801 422 1854; x_wconf 87' lang='lat' dir='ltr'>Craterus.</span> <span class='ocrx_word' id='word_1_182' title='bbox 467 1801 560 1869; x_wconf 88' lang='lat' dir='ltr'>ltaque</span> <span class='ocrx_word' id='word_1_183' title='bbox 585 1809 613 1852; x_wconf 88' lang='lat' dir='ltr'>ut</span> <span class='ocrx_word' id='word_1_184' title='bbox 637 1800 763 1870; x_wconf 88' lang='lat' dir='ltr'>principio</span> <span class='ocrx_word' id='word_1_185' title='bbox 787 1815 911 1852; x_wconf 84' lang='lat' dir='ltr'>terrorem</span> <span class='ocrx_word' id='word_1_186' title='bbox 936 1801 1081 1856; x_wconf 86' lang='lat' dir='ltr'>incuteret</span> 
     </span>
     <span class='ocr_line' id='line_1_24' title="bbox 160 1869 1079 1938; baseline 0.004 -18"><span class='ocrx_word' id='word_1_187' title='bbox 160 1869 232 1936; x_wconf 85' lang='lat' dir='ltr'>genti</span> <span class='ocrx_word' id='word_1_188' title='bbox 252 1871 367 1922; x_wconf 92' lang='lat' dir='ltr'>nondum</span> <span class='ocrx_word' id='word_1_189' title='bbox 385 1883 459 1922; x_wconf 89' lang='lat' dir='ltr'>arma</span> <span class='ocrx_word' id='word_1_190' title='bbox 478 1869 657 1922; x_wconf 85' lang='lat' dir='ltr'>Macedonum</span> <span class='ocrx_word' id='word_1_191' title='bbox 675 1878 810 1938; x_wconf 75' lang='lat' dir='ltr'>expertae,</span> <span class='ocrx_word' id='word_1_192' title='bbox 822 1869 961 1938; x_wconf 76' lang='lat' dir='ltr'>praecipit,</span> <span class='ocrx_word' id='word_1_193' title='bbox 977 1889 1016 1926; x_wconf 87' lang='lat' dir='ltr'>ne</span> <span class='ocrx_word' id='word_1_194' title='bbox 1034 1874 1079 1926; x_wconf 89' lang='lat' dir='ltr'>cui</span> 
     </span>
     <span class='ocr_line' id='line_1_25' title="bbox 159 1938 1080 2008; baseline 0.007 -19"><span class='ocrx_word' id='word_1_195' title='bbox 159 1949 318 2008; x_wconf 85' lang='lat' dir='ltr'>parceretur,</span> <span class='ocrx_word' id='word_1_196' title='bbox 332 1939 503 1992; x_wconf 77' lang='lat' dir='ltr'>munimentis</span> <span class='ocrx_word' id='word_1_197' title='bbox 517 1938 596 2008; x_wconf 84' lang='lat' dir='ltr'>urbis,</span> <span class='ocrx_word' id='word_1_198' title='bbox 610 1955 690 2006; x_wconf 87' lang='lat' dir='ltr'>quam</span> <span class='ocrx_word' id='word_1_199' title='bbox 703 1938 849 2006; x_wconf 86' lang='lat' dir='ltr'>obsidebat,</span> <span class='ocrx_word' id='word_1_200' title='bbox 864 1939 995 1994; x_wconf 80' lang='lat' dir='ltr'>incensis.</span> <span class='ocrx_word' id='word_1_201' title='bbox 1030 1943 1080 1995; x_wconf 91' lang='lat' dir='ltr'>Ce-</span> 
     </span>
     <span class='ocr_line' id='line_1_26' title="bbox 160 2007 1081 2082; baseline 0.002 -22"><span class='ocrx_word' id='word_1_202' title='bbox 160 2017 246 2060; x_wconf 90' lang='lat' dir='ltr'>terum</span> <span class='ocrx_word' id='word_1_203' title='bbox 270 2007 333 2061; x_wconf 91' lang='lat' dir='ltr'>dum</span> <span class='ocrx_word' id='word_1_204' title='bbox 357 2009 502 2077; x_wconf 73' lang='lat' dir='ltr'>obequitat⁴</span> <span class='ocrx_word' id='word_1_205' title='bbox 525 2008 672 2074; x_wconf 86' lang='lat' dir='ltr'>moenibus,</span> <span class='ocrx_word' id='word_1_206' title='bbox 697 2009 791 2075; x_wconf 84' lang='lat' dir='ltr'>sagitta</span> <span class='ocrx_word' id='word_1_207' title='bbox 814 2007 883 2059; x_wconf 89' lang='lat' dir='ltr'>ictus</span> <span class='ocrx_word' id='word_1_208' title='bbox 905 2016 958 2061; x_wconf 84' lang='lat' dir='ltr'>est.</span> <span class='ocrx_word' id='word_1_209' title='bbox 1000 2011 1081 2082; x_wconf 85' lang='lat' dir='ltr'>Cepit</span> 
     </span>
     <span class='ocr_line' id='line_1_27' title="bbox 160 2075 1081 2146; baseline 0.007 -19"><span class='ocrx_word' id='word_1_210' title='bbox 160 2084 249 2129; x_wconf 90' lang='lat' dir='ltr'>tamen</span> <span class='ocrx_word' id='word_1_211' title='bbox 262 2078 396 2146; x_wconf 89' lang='lat' dir='ltr'>oppidum,</span> <span class='ocrx_word' id='word_1_212' title='bbox 410 2085 437 2130; x_wconf 93' lang='lat' dir='ltr'>et</span> <span class='ocrx_word' id='word_1_213' title='bbox 455 2077 579 2131; x_wconf 87' lang='lat' dir='ltr'>omnihus</span> <span class='ocrx_word' id='word_1_214' title='bbox 596 2076 688 2129; x_wconf 89' lang='lat' dir='ltr'>incolis</span> <span class='ocrx_word' id='word_1_215' title='bbox 705 2075 764 2145; x_wconf 87' lang='lat' dir='ltr'>ejus</span> <span class='ocrx_word' id='word_1_216' title='bbox 782 2076 926 2144; x_wconf 87' lang='lat' dir='ltr'>tmcidatis,</span> <span class='ocrx_word' id='word_1_217' title='bbox 941 2079 1034 2132; x_wconf 86' lang='lat' dir='ltr'>etiarn</span> <span class='ocrx_word' id='word_1_218' title='bbox 1052 2079 1081 2134; x_wconf 88' lang='lat' dir='ltr'>in</span> 
     </span>
     <span class='ocr_line' id='line_1_28' title="bbox 159 2149 930 2198; baseline 0.003 -1"><span class='ocrx_word' id='word_1_219' title='bbox 159 2153 231 2197; x_wconf 85' lang='lat' dir='ltr'>tecta</span> <span class='ocrx_word' id='word_1_220' title='bbox 244 2149 375 2198; x_wconf 84' lang='lat' dir='ltr'>saevitum</span> <span class='ocrx_word' id='word_1_221' title='bbox 387 2156 436 2198; x_wconf 88' lang='lat' dir='ltr'>est.</span> <span class='ocrx_word' id='word_1_222' title='bbox 927 2177 930 2182; x_wconf 90' lang='lat'><em>-</em></span> 
     </span>
    </p>

    <p class='ocr_par' dir='ltr' id='par_1_5' title="bbox 158 2213 1081 2560">
     <span class='ocr_line' id='line_1_29' title="bbox 195 2213 1081 2284; baseline 0.008 -20"><span class='ocrx_word' id='word_1_223' title='bbox 195 2217 235 2264; x_wconf 82' lang='lat'>35.</span> <span class='ocrx_word' id='word_1_224' title='bbox 254 2214 319 2266; x_wconf 88' lang='lat' dir='ltr'>Inde</span> <span class='ocrx_word' id='word_1_225' title='bbox 331 2215 431 2267; x_wconf 90' lang='lat' dir='ltr'>domita</span> <span class='ocrx_word' id='word_1_226' title='bbox 445 2215 550 2283; x_wconf 82' lang='lat' dir='ltr'>ignobili</span> <span class='ocrx_word' id='word_1_227' title='bbox 569 2223 656 2284; x_wconf 85' lang='lat' dir='ltr'>gente,</span> <span class='ocrx_word' id='word_1_228' title='bbox 669 2214 703 2266; x_wconf 87' lang='lat' dir='ltr'>ad</span> <span class='ocrx_word' id='word_1_229' title='bbox 716 2216 818 2284; x_wconf 88' lang='lat' dir='ltr'>Nysam</span> <span class='ocrx_word' id='word_1_230' title='bbox 831 2213 925 2267; x_wconf 88' lang='lat' dir='ltr'>urbem</span> <span class='ocrx_word' id='word_1_231' title='bbox 937 2218 1081 2284; x_wconf 82' lang='lat' dir='ltr'>pervenit.</span> 
     </span>
     <span class='ocr_line' id='line_1_30' title="bbox 159 2281 1080 2352; baseline 0.007 -19"><span class='ocrx_word' id='word_1_232' title='bbox 159 2281 238 2334; x_wconf 85' lang='lat' dir='ltr'>Forte</span> <span class='ocrx_word' id='word_1_233' title='bbox 251 2283 343 2334; x_wconf 86' lang='lat' dir='ltr'>castris</span> <span class='ocrx_word' id='word_1_234' title='bbox 353 2291 416 2335; x_wconf 79' lang='lat' dir='ltr'>ante</span> <span class='ocrx_word' id='word_1_235' title='bbox 429 2283 487 2352; x_wconf 88' lang='lat' dir='ltr'>ipsa</span> <span class='ocrx_word' id='word_1_236' title='bbox 499 2285 603 2344; x_wconf 90' lang='lat' dir='ltr'>moenia</span> <span class='ocrx_word' id='word_1_237' title='bbox 616 2285 641 2336; x_wconf 94' lang='lat' dir='ltr'>in</span> <span class='ocrx_word' id='word_1_238' title='bbox 654 2283 767 2336; x_wconf 84' lang='lat' dir='ltr'>silvestri</span> <span class='ocrx_word' id='word_1_239' title='bbox 782 2283 950 2352; x_wconf 87' lang='lat' dir='ltr'>locopositis,</span> <span class='ocrx_word' id='word_1_240' title='bbox 966 2296 1080 2340; x_wconf 88' lang='lat' dir='ltr'>noctur·</span> 
     </span>
     <span class='ocr_line' id='line_1_31' title="bbox 159 2349 1077 2424; baseline 0.005 -20"><span class='ocrx_word' id='word_1_241' title='bbox 159 2367 223 2404; x_wconf 91' lang='lat' dir='ltr'>num</span> <span class='ocrx_word' id='word_1_242' title='bbox 238 2349 319 2418; x_wconf 83' lang='lat' dir='ltr'>frigus</span> <span class='ocrx_word' id='word_1_243' title='bbox 331 2351 516 2404; x_wconf 82' lang='lat' dir='ltr'>vehementius</span> <span class='ocrx_word' id='word_1_244' title='bbox 534 2369 615 2422; x_wconf 84' lang='lat' dir='ltr'>quem</span> <span class='ocrx_word' id='word_1_245' title='bbox 632 2351 699 2404; x_wconf 86' lang='lat' dir='ltr'>alias</span> <span class='ocrx_word' id='word_1_246' title='bbox 717 2353 821 2405; x_wconf 87' lang='lat' dir='ltr'>horrore</span> <span class='ocrx_word' id='word_1_247' title='bbox 839 2369 946 2422; x_wconf 86' lang='lat' dir='ltr'>corpora</span> <span class='ocrx_word' id='word_1_248' title='bbox 966 2355 1077 2424; x_wconf 83' lang='lat' dir='ltr'>affecit,</span> 
     </span>
     <span class='ocr_line' id='line_1_32' title="bbox 159 2421 1081 2500; baseline 0.003 -28"><span class='ocrx_word' id='word_1_249' title='bbox 159 2427 388 2500; x_wconf 88' lang='lat' dir='ltr'>opportunumque</span> <span class='ocrx_word' id='word_1_250' title='bbox 401 2421 547 2474; x_wconf 85' lang='lat' dir='ltr'>temedium</span> <span class='ocrx_word' id='word_1_251' title='bbox 563 2421 641 2489; x_wconf 67' lang='lat' dir='ltr'>ignis*</span> <span class='ocrx_word' id='word_1_252' title='bbox 651 2421 768 2474; x_wconf 88' lang='lat' dir='ltr'>oblatum</span> <span class='ocrx_word' id='word_1_253' title='bbox 781 2429 830 2474; x_wconf 89' lang='lat' dir='ltr'>est.</span> <span class='ocrx_word' id='word_1_254' title='bbox 866 2423 958 2474; x_wconf 84' lang='lat' dir='ltr'>Caesis</span> <span class='ocrx_word' id='word_1_255' title='bbox 971 2425 1081 2494; x_wconf 87' lang='lat' dir='ltr'>quippe</span> 
     </span>
     <span class='ocr_line' id='line_1_33' title="bbox 158 2488 1079 2560; baseline 0.008 -19"><span class='ocrx_word' id='word_1_256' title='bbox 158 2489 233 2541; x_wconf 84' lang='lat' dir='ltr'>silvis</span> <span class='ocrx_word' id='word_1_257' title='bbox 248 2488 388 2544; x_wconf 86' lang='lat' dir='ltr'>flammam</span> <span class='ocrx_word' id='word_1_258' title='bbox 404 2491 592 2556; x_wconf 76' lang='lat' dir='ltr'>excitaverunt,</span> <span class='ocrx_word' id='word_1_259' title='bbox 608 2507 685 2559; x_wconf 87' lang='lat' dir='ltr'>quae,</span> <span class='ocrx_word' id='word_1_260' title='bbox 702 2491 755 2558; x_wconf 87' lang='lat' dir='ltr'>igni</span> <span class='ocrx_word' id='word_1_261' title='bbox 774 2490 857 2557; x_wconf 74' lang='lat' dir='ltr'>alita,⁸</span> <span class='ocrx_word' id='word_1_262' title='bbox 874 2491 1079 2560; x_wconf 85' lang='lat' dir='ltr'>oppidanorum</span> 
     </span>
    </p>
   </div>
   <div class='ocr_carea' id='block_1_4' title="bbox 155 2569 1081 3475">
    <p class='ocr_par' dir='ltr' id='par_1_6' title="bbox 158 2567 1081 2776">
     <span class='ocr_line' id='line_1_34' title="bbox 158 2569 230 2638; baseline 0.003 0"><span class='ocrx_word' id='word_1_263' title='bbox 158 2569 230 2638; x_wconf 61' lang='lat' dir='ltr'>‘&#39;&#39;TT</span> 
     </span>
     <span class='ocr_line' id='line_1_35' title="bbox 158 2647 1081 2718; baseline 0.002 -20"><span class='ocrx_word' id='word_1_264' title='bbox 158 2649 249 2699; x_wconf 85' lang='lat' dir='ltr'>rsclmn</span> <span class='ocrx_word' id='word_1_265' title='bbox 264 2648 324 2698; x_wconf 86' lang='lat' dir='ltr'>stom</span> <span class='ocrx_word' id='word_1_266' title='bbox 340 2665 385 2697; x_wconf 89' lang='lat' dir='ltr'>one</span> <span class='ocrx_word' id='word_1_267' title='bbox 402 2648 446 2697; x_wconf 84' lang='lat' dir='ltr'>full</span> <span class='ocrx_word' id='word_1_268' title='bbox 461 2665 532 2698; x_wconf 90' lang='lat' dir='ltr'>moon</span> <span class='ocrx_word' id='word_1_269' title='bbox 547 2659 571 2698; x_wconf 85' lang='lat' dir='ltr'>tc</span> <span class='ocrx_word' id='word_1_270' title='bbox 582 2649 622 2697; x_wconf 85' lang='lat' dir='ltr'>the</span> <span class='ocrx_word' id='word_1_271' title='bbox 634 2659 701 2705; x_wconf 80' lang='lat' dir='ltr'>next,</span> <span class='ocrx_word' id='word_1_272' title='bbox 715 2648 772 2718; x_wconf 83' lang='lat' dir='ltr'>they</span> <span class='ocrx_word' id='word_1_273' title='bbox 783 2649 843 2698; x_wconf 89' lang='lat' dir='ltr'>srorn</span> <span class='ocrx_word' id='word_1_274' title='bbox 854 2648 896 2698; x_wconf 89' lang='lat' dir='ltr'>the</span> <span class='ocrx_word' id='word_1_275' title='bbox 906 2647 957 2698; x_wconf 84' lang='lat' dir='ltr'>first</span> <span class='ocrx_word' id='word_1_276' title='bbox 972 2663 1081 2710; x_wconf 80' lang='lat' dir='ltr'>quarter</span> 
     </span>
     <span class='ocr_line' id='line_1_36' title="bbox 159 2708 937 2776; baseline 0 -20"><span class='ocrx_word' id='word_1_277' title='bbox 159 2719 184 2756; x_wconf 91' lang='lat' dir='ltr'>to</span> <span class='ocrx_word' id='word_1_278' title='bbox 195 2709 235 2756; x_wconf 93' lang='lat' dir='ltr'>the</span> <span class='ocrx_word' id='word_1_279' title='bbox 247 2709 302 2765; x_wconf 82' lang='lat' dir='ltr'>lust,</span> <span class='ocrx_word' id='word_1_280' title='bbox 315 2709 373 2756; x_wconf 92' lang='lat' dir='ltr'>then</span> <span class='ocrx_word' id='word_1_281' title='bbox 383 2708 444 2756; x_wconf 89' lang='lat' dir='ltr'>srcrn</span> <span class='ocrx_word' id='word_1_282' title='bbox 454 2708 494 2758; x_wconf 91' lang='lat' dir='ltr'>the</span> <span class='ocrx_word' id='word_1_283' title='bbox 506 2708 551 2758; x_wconf 83' lang='lat' dir='ltr'>lost</span> <span class='ocrx_word' id='word_1_284' title='bbox 563 2719 588 2757; x_wconf 90' lang='lat' dir='ltr'>to</span> <span class='ocrx_word' id='word_1_285' title='bbox 599 2708 640 2756; x_wconf 88' lang='lat' dir='ltr'>the</span> <span class='ocrx_word' id='word_1_286' title='bbox 649 2708 701 2770; x_wconf 86' lang='lat' dir='ltr'>first</span> <span class='ocrx_word' id='word_1_287' title='bbox 712 2724 790 2776; x_wconf 81' lang='lat' dir='ltr'>egem,</span> <span class='ocrx_word' id='word_1_288' title='bbox 803 2708 849 2756; x_wconf 87' lang='lat' dir='ltr'>and</span> <span class='ocrx_word' id='word_1_289' title='bbox 860 2723 887 2756; x_wconf 87' lang='lat' dir='ltr'>so</span> <span class='ocrx_word' id='word_1_290' title='bbox 898 2723 937 2776; x_wconf 84' lang='lat' dir='ltr'>on.</span> 
     </span>
    </p>

    <p class='ocr_par' dir='ltr' id='par_1_7' title="bbox 158 2766 1081 3122">
     <span class='ocr_line' id='line_1_37' title="bbox 184 2766 1077 2852; baseline -0.01 -37"><span class='ocrx_word' id='word_1_291' title='bbox 184 2767 251 2836; x_wconf 62' lang='lat'>‚²3⁸²</span> <span class='ocrx_word' id='word_1_292' title='bbox 262 2785 343 2830; x_wconf 77' lang='lat' dir='ltr'>operae</span> <span class='ocrx_word' id='word_1_293' title='bbox 353 2767 480 2828; x_wconf 85' lang='lat' dir='ltr'>according</span> <span class='ocrx_word' id='word_1_294' title='bbox 491 2778 516 2815; x_wconf 91' lang='lat' dir='ltr'>to</span> <span class='ocrx_word' id='word_1_295' title='bbox 529 2768 607 2838; x_wconf 59' lang='lat' dir='ltr'>Gran:</span> <span class='ocrx_word' id='word_1_296' title='bbox 620 2767 700 2852; x_wconf 48' lang='lat'><strong>§27‘93</strong></span> <span class='ocrx_word' id='word_1_297' title='bbox 715 2773 748 2814; x_wconf 86' lang='lat' dir='ltr'>‘rt</span> <span class='ocrx_word' id='word_1_298' title='bbox 759 2767 780 2816; x_wconf 87' lang='lat' dir='ltr'>is</span> <span class='ocrx_word' id='word_1_299' title='bbox 791 2766 868 2814; x_wconf 86' lang='lat' dir='ltr'>worth</span> <span class='ocrx_word' id='word_1_300' title='bbox 880 2766 978 2848; x_wconf 50' lang='lat' dir='ltr'>whrlcss,</span> <span class='ocrx_word' id='word_1_301' title='bbox 989 2767 1077 2818; x_wconf 83' lang='lat' dir='ltr'>other.</span> 
     </span>
     <span class='ocr_line' id='line_1_38' title="bbox 159 2825 1081 2946; baseline 0.003 -15"><span class='ocrx_word' id='word_1_302' title='bbox 159 2827 704 2944; x_wconf 48' lang='lat' dir='ltr'>‘Vtetttttttdttttttttt‘ttttttnt</span> <span class='ocrx_word' id='word_1_303' title='bbox 715 2825 1023 2944; x_wconf 60' lang='lat' dir='ltr'>lillldhlle‘luliltn.</span> <span class='ocrx_word' id='word_1_304' title='bbox 1043 2888 1081 2946; x_wconf 72' lang='lat' dir='ltr'>sy</span> 
     </span>
     <span class='ocr_line' id='line_1_39' title="bbox 159 2941 1079 3003; baseline 0.004 -13"><span class='ocrx_word' id='word_1_305' title='bbox 159 2942 200 2990; x_wconf 88' lang='lat' dir='ltr'>the</span> <span class='ocrx_word' id='word_1_306' title='bbox 213 2941 322 3000; x_wconf 84' lang='lat' dir='ltr'>Greeks;</span> <span class='ocrx_word' id='word_1_307' title='bbox 340 2943 398 3000; x_wconf 89' lang='lat' dir='ltr'>still,</span> <span class='ocrx_word' id='word_1_308' title='bbox 417 2945 441 2991; x_wconf 92' lang='lat' dir='ltr'>in</span> <span class='ocrx_word' id='word_1_309' title='bbox 457 2944 498 2992; x_wconf 90' lang='lat' dir='ltr'>the</span> <span class='ocrx_word' id='word_1_310' title='bbox 529 2943 599 2992; x_wconf 88' lang='lat' dir='ltr'>ndian</span> <span class='ocrx_word' id='word_1_311' title='bbox 615 2943 765 3003; x_wconf 86' lang='lat' dir='ltr'>mythology,</span> <span class='ocrx_word' id='word_1_312' title='bbox 778 2943 803 2990; x_wconf 91' lang='lat' dir='ltr'>in</span> <span class='ocrx_word' id='word_1_313' title='bbox 813 2943 854 2990; x_wconf 86' lang='lat' dir='ltr'>the</span> <span class='ocrx_word' id='word_1_314' title='bbox 865 2942 1033 3002; x_wconf 79' lang='lat' dir='ltr'>descriptione</span> <span class='ocrx_word' id='word_1_315' title='bbox 1046 2946 1079 2994; x_wconf 81' lang='lat' dir='ltr'>ol</span> 
     </span>
     <span class='ocr_line' id='line_1_40' title="bbox 158 3001 1078 3062; baseline 0.007 -14"><span class='ocrx_word' id='word_1_316' title='bbox 158 3001 199 3048; x_wconf 90' lang='lat' dir='ltr'>the</span> <span class='ocrx_word' id='word_1_317' title='bbox 210 3001 370 3051; x_wconf 82' lang='lat' dir='ltr'>incarnatione</span> <span class='ocrx_word' id='word_1_318' title='bbox 381 3003 408 3050; x_wconf 89' lang='lat' dir='ltr'>os</span> <span class='ocrx_word' id='word_1_319' title='bbox 417 3003 520 3060; x_wconf 87' lang='lat' dir='ltr'>Vishnu,</span> <span class='ocrx_word' id='word_1_320' title='bbox 534 3019 570 3050; x_wconf 83' lang='lat' dir='ltr'>we</span> <span class='ocrx_word' id='word_1_321' title='bbox 585 3003 642 3051; x_wconf 83' lang='lat' dir='ltr'>read</span> <span class='ocrx_word' id='word_1_322' title='bbox 653 3001 680 3050; x_wconf 90' lang='lat' dir='ltr'>os</span> <span class='ocrx_word' id='word_1_323' title='bbox 692 3002 733 3050; x_wconf 83' lang='lat' dir='ltr'>the</span> <span class='ocrx_word' id='word_1_324' title='bbox 749 3017 805 3052; x_wconf 87' lang='lat' dir='ltr'>sons</span> <span class='ocrx_word' id='word_1_325' title='bbox 821 3001 850 3050; x_wconf 87' lang='lat' dir='ltr'>of</span> <span class='ocrx_word' id='word_1_326' title='bbox 861 3001 921 3062; x_wconf 83' lang='lat' dir='ltr'>gods</span> <span class='ocrx_word' id='word_1_327' title='bbox 932 3001 993 3052; x_wconf 85' lang='lat' dir='ltr'>who</span> <span class='ocrx_word' id='word_1_328' title='bbox 1004 3019 1078 3054; x_wconf 79' lang='lat' dir='ltr'>wan·</span> 
     </span>
     <span class='ocr_line' id='line_1_41' title="bbox 158 3059 851 3122; baseline 0 -14"><span class='ocrx_word' id='word_1_329' title='bbox 158 3059 230 3108; x_wconf 88' lang='lat' dir='ltr'>dered</span> <span class='ocrx_word' id='word_1_330' title='bbox 241 3075 299 3108; x_wconf 88' lang='lat' dir='ltr'>over</span> <span class='ocrx_word' id='word_1_331' title='bbox 310 3059 446 3122; x_wconf 17' lang='lat' dir='ltr'>thefworld‚</span> <span class='ocrx_word' id='word_1_332' title='bbox 460 3061 505 3110; x_wconf 88' lang='lat' dir='ltr'>und</span> <span class='ocrx_word' id='word_1_333' title='bbox 517 3061 650 3120; x_wconf 75' lang='lat' dir='ltr'>performed</span> <span class='ocrx_word' id='word_1_334' title='bbox 661 3070 728 3122; x_wconf 83' lang='lat' dir='ltr'>great</span> <span class='ocrx_word' id='word_1_335' title='bbox 739 3061 851 3120; x_wconf 83' lang='lat' dir='ltr'>exploits.</span> 
     </span>
    </p>

    <p class='ocr_par' dir='ltr' id='par_1_8' title="bbox 155 3119 1080 3475">
     <span class='ocr_line' id='line_1_42' title="bbox 187 3119 1079 3180; baseline 0.007 -14"><span class='ocrx_word' id='word_1_336' title='bbox 187 3119 244 3166; x_wconf 80' lang='lat' dir='ltr'>‘As</span> <span class='ocrx_word' id='word_1_337' title='bbox 262 3128 288 3165; x_wconf 93' lang='lat' dir='ltr'>to</span> <span class='ocrx_word' id='word_1_338' title='bbox 305 3121 369 3176; x_wconf 80' lang='lat' dir='ltr'>dunt,</span> <span class='ocrx_word' id='word_1_339' title='bbox 385 3121 522 3180; x_wconf 88' lang='lat' dir='ltr'>commonly</span> <span class='ocrx_word' id='word_1_340' title='bbox 533 3120 661 3170; x_wconf 86' lang='lat' dir='ltr'>construed</span> <span class='ocrx_word' id='word_1_341' title='bbox 673 3119 732 3168; x_wconf 88' lang='lat' dir='ltr'>with</span> <span class='ocrx_word' id='word_1_342' title='bbox 750 3120 791 3168; x_wconf 89' lang='lat' dir='ltr'>the</span> <span class='ocrx_word' id='word_1_343' title='bbox 810 3128 915 3180; x_wconf 84' lang='lat' dir='ltr'>present,</span> <span class='ocrx_word' id='word_1_344' title='bbox 927 3134 971 3168; x_wconf 87' lang='lat' dir='ltr'>see</span> <span class='ocrx_word' id='word_1_345' title='bbox 987 3121 1079 3172; x_wconf 70' lang='lat' dir='ltr'>oram.</span> 
     </span>
     <span class='ocr_line' id='line_1_43' title="bbox 155 3178 1080 3304; baseline 0.005 -20"><span class='ocrx_word' id='word_1_346' title='bbox 155 3178 172 3236; x_wconf 48' lang='lat' dir='ltr'>&#39;i</span> <span class='ocrx_word' id='word_1_347' title='bbox 181 3180 389 3296; x_wconf 49' lang='lat' dir='ltr'>{3‘2lhhti&#39;emedy</span> <span class='ocrx_word' id='word_1_348' title='bbox 400 3237 427 3284; x_wconf 89' lang='lat' dir='ltr'>os</span> <span class='ocrx_word' id='word_1_349' title='bbox 438 3234 505 3294; x_wconf 85' lang='lat' dir='ltr'>fire;’</span> <span class='ocrx_word' id='word_1_350' title='bbox 518 3235 611 3292; x_wconf 76' lang='lat' dir='ltr'>thetis,</span> <span class='ocrx_word' id='word_1_351' title='bbox 624 3237 675 3294; x_wconf 83' lang='lat' dir='ltr'>fite,</span> <span class='ocrx_word' id='word_1_352' title='bbox 689 3237 730 3286; x_wconf 88' lang='lat' dir='ltr'>the</span> <span class='ocrx_word' id='word_1_353' title='bbox 746 3253 829 3286; x_wconf 88' lang='lat' dir='ltr'>means</span> <span class='ocrx_word' id='word_1_354' title='bbox 844 3237 871 3287; x_wconf 86' lang='lat' dir='ltr'>cf</span> <span class='ocrx_word' id='word_1_355' title='bbox 883 3240 1080 3304; x_wconf 80' lang='lat' dir='ltr'>counteracting</span> 
     </span>
     <span class='ocr_line' id='line_1_44' title="bbox 157 3293 1080 3364; baseline 0.004 -20"><span class='ocrx_word' id='word_1_356' title='bbox 157 3295 199 3344; x_wconf 86' lang='lat' dir='ltr'>the</span> <span class='ocrx_word' id='word_1_357' title='bbox 208 3295 271 3364; x_wconf 80' lang='lat' dir='ltr'>¹cpld.</span> <span class='ocrx_word' id='word_1_358' title='bbox 303 3293 372 3358; x_wconf 73' lang='lat' dir='ltr'>Ignis</span> <span class='ocrx_word' id='word_1_359' title='bbox 383 3295 407 3363; x_wconf 38' lang='lat' dir='ltr'>is·</span> <span class='ocrx_word' id='word_1_360' title='bbox 415 3295 480 3344; x_wconf 88' lang='lat' dir='ltr'>what</span> <span class='ocrx_word' id='word_1_361' title='bbox 490 3312 527 3343; x_wconf 89' lang='lat' dir='ltr'>we</span> <span class='ocrx_word' id='word_1_362' title='bbox 541 3312 597 3356; x_wconf 87' lang='lat' dir='ltr'>may</span> <span class='ocrx_word' id='word_1_363' title='bbox 608 3295 653 3344; x_wconf 82' lang='lat' dir='ltr'>coll</span> <span class='ocrx_word' id='word_1_364' title='bbox 670 3296 711 3344; x_wconf 85' lang='lat' dir='ltr'>the</span> <span class='ocrx_word' id='word_1_365' title='bbox 726 3295 849 3346; x_wconf 83' lang='lat' dir='ltr'>definitive</span> <span class='ocrx_word' id='word_1_366' title='bbox 864 3312 891 3346; x_wconf 90' lang='lat' dir='ltr'>or</span> <span class='ocrx_word' id='word_1_367' title='bbox 906 3297 1080 3360; x_wconf 80' lang='lat' dir='ltr'>explanatory</span> 
     </span>
     <span class='ocr_line' id='line_1_45' title="bbox 158 3353 1079 3475; baseline 0.008 -16"><span class='ocrx_word' id='word_1_368' title='bbox 158 3363 276 3460; x_wconf 49' lang='lat' dir='ltr'>sepit&#39;iiiiii</span> <span class='ocrx_word' id='word_1_369' title='bbox 286 3353 610 3472; x_wconf 44' lang='lat' dir='ltr'>linaiisyddhhdriddsihinihd</span> <span class='ocrx_word' id='word_1_370' title='bbox 618 3357 687 3470; x_wconf 41' lang='lat' dir='ltr'>ilii?</span> <span class='ocrx_word' id='word_1_371' title='bbox 700 3415 813 3472; x_wconf 84' lang='lat' dir='ltr'>because,</span> <span class='ocrx_word' id='word_1_372' title='bbox 825 3429 853 3464; x_wconf 89' lang='lat' dir='ltr'>sc</span> <span class='ocrx_word' id='word_1_373' title='bbox 863 3412 921 3475; x_wconf 75' lang='lat' dir='ltr'>long</span> <span class='ocrx_word' id='word_1_374' title='bbox 930 3429 959 3464; x_wconf 78' lang='lat' dir='ltr'>aa</span> <span class='ocrx_word' id='word_1_375' title='bbox 970 3415 1016 3464; x_wconf 86' lang='lat' dir='ltr'>the</span> <span class='ocrx_word' id='word_1_376' title='bbox 1026 3415 1079 3466; x_wconf 85' lang='lat' dir='ltr'>fire</span> 
     </span>
    </p>
   </div>
   <div class='ocr_carea' id='block_1_5' title="bbox 158 3467 772 3563">
    <p class='ocr_par' dir='ltr' id='par_1_9' title="bbox 158 3467 772 3563">
     <span class='ocr_line' id='line_1_46' title="bbox 158 3467 772 3563; baseline 0.007 -47"><span class='ocrx_word' id='word_1_377' title='bbox 158 3467 179 3516; x_wconf 81' lang='lat' dir='ltr'>is</span> <span class='ocrx_word' id='word_1_378' title='bbox 190 3469 249 3528; x_wconf 86' lang='lat' dir='ltr'>kept</span> <span class='ocrx_word' id='word_1_379' title='bbox 260 3470 371 3530; x_wconf 82' lang='lat' dir='ltr'>buming‚</span> <span class='ocrx_word' id='word_1_380' title='bbox 384 3469 425 3563; x_wconf 66' lang='lat' dir='ltr'>thp</span> <span class='ocrx_word' id='word_1_381' title='bbox 437 3469 507 3517; x_wconf 83' lang='lat' dir='ltr'>fleme</span> <span class='ocrx_word' id='word_1_382' title='bbox 518 3485 597 3530; x_wconf 84' lang='lat' dir='ltr'>grows</span> <span class='ocrx_word' id='word_1_383' title='bbox 609 3470 654 3518; x_wconf 80' lang='lat' dir='ltr'>and</span> <span class='ocrx_word' id='word_1_384' title='bbox 665 3471 772 3530; x_wconf 86' lang='lat' dir='ltr'>spreads.</span> 
     </span>
    </p>
   </div>
   <div class='ocr_carea' id='block_1_6' title="bbox 0 0 1162 3886">
    <p class='ocr_par' dir='ltr' id='par_1_10' title="bbox 0 0 1162 3886">
     <span class='ocr_line' id='line_1_47' title="bbox 0 0 1162 3886; baseline 0 0"><span class='ocrx_word' id='word_1_385' title='bbox 0 0 1162 3886; x_wconf 95' lang='lat' dir='ltr'> </span> 
     </span>
    </p>
   </div>
  </div>
 </body>
</html>
