2264 3880
136 197 206 254 m*
403 209 443 250 os
466 209 572 250 uusrrs
594 207 774 248 scansam.

136 321 233 386 oritur3
251 317 434 388 paulatimque
450 317 559 370 liberius
576 317 649 371 dolor
665 317 742 384 erlgi¹
759 314 857 384 coepit,
877 313 1074 368 manantibus·

137 388 260 456 lacrimis,
279 387 346 439 adeo
371 399 400 439 ut
423 403 476 455 rex,
497 389 534 438 ira
551 388 576 439 in
601 385 807 440 misericordiam
826 401 919 451 versa,
943 401 980 436 ne
1006 385 1063 452 ipse

137 459 246 527 quidem
258 473 421 526 quamquam
433 469 549 524 cuperet,
563 465 711 526 temperare
723 454 819 506 oculis²
829 455 968 522 potuerit.

175 531 214 578 12.
227 526 348 578 Tandem
361 526 483 578 universa
495 527 616 578 contione
628 524 739 576 effusius
751 523 840 592 flente,
853 524 971 576 Coenus
980 539 1063 576 ausus

138 603 178 648 est
198 595 384 648 cunctantibus
399 597 505 663 ceteris,
525 596 631 664 propius
649 592 761 646 tribunal
779 592 925 660 accedere,
948 591 1062 659 aigulfii·

137 681 202 716 cans
219 681 248 717 se
266 665 337 733 loqui
355 664 433 718 uelle.
469 664 556 722 Quem
575 675 603 716 ut
621 663 711 716 videre
730 661 829 714 milites
847 661 1063 714 detrahentem*

137 733 244 802 galeam
267 735 348 803 cupiti
374 735 423 804 (ita
449 735 520 786 enirn
548 749 639 801 regem
664 732 762 800 alioqui
787 747 846 784 mos
867 732 939 799 est),
961 731 1061 784 hortari

138 812 288 872 coeperunt,
310 813 337 856 ut
360 819 471 854 causam
494 806 627 854 exercitus
649 809 747 869 ageret.
783 801 854 852 Turn
874 802 1000 866 Coenus,
1021 801 1060 854 Dii

158 873 301 940 cohibeant,
315 873 406 940 inquit,
419 889 436 924 a
449 871 523 924 nobis
535 871 632 940 impias
643 879 763 936 mentes,
781 879 808 920 et
827 869 953 936 prolecto
972 871 1062 938 probi·

139 889 210 994 baut.
247 941 323 994 Idem
335 941 441 993 animus
452 949 491 992 est
505 941 563 1008 tuis,
578 942 622 1009 qui
634 939 681 992 luit
695 955 801 1005 semper
812 937 851 990 ire
865 954 923 1006 quo
935 938 1060 1005 jusseris,

138 1027 263 1079 pugnare,
281 1010 428 1079 periclitari,
448 1011 575 1078 sanguine
593 1019 678 1061 nostro
696 1007 886 1058 commendare
905 1009 1061 1074 posteritati

140 1090 214 1133 tuum
227 1096 331 1132 nomeu.
364 1080 474 1131 Proinde
487 1081 508 1130 si
523 1095 682 1146 perseveras,
696 1077 812 1129 inermes
824 1090 939 1144 quoque
952 1087 983 1128 et
998 1075 1061 1128 nudi

140 1155 166 1201 et
179 1165 335 1216 exsangues.
350 1159 483 1217 utcunque
496 1148 543 1200 tibi
556 1148 628 1199 cordi
640 1161 687 1214 eet,
701 1146 843 1214 sequimur,
859 1143 903 1195 vel
919 1147 1061 1198 antecedi·

140 1220 220 1270 mus.⁴¹
255 1217 305 1270 Sed
327 1219 348 1269 si
368 1217 459 1268 audire
478 1217 519 1268 vis
539 1233 589 1268 non
609 1217 685 1269 fictas
705 1222 807 1267 tuorum
828 1213 957 1266 militum
970 1233 1059 1282 voces,

140 1303 233 1338 verum
246 1287 403 1338 necessitate
415 1285 508 1338 ultima
523 1303 670 1354 expressas,
684 1284 787 1354 praebe,
801 1299 913 1352 quaeso,
931 1286 1061 1352 propitias

140 1371 218 1408 aures
230 1355 372 1423 imperium
383 1365 463 1423 atque
476 1356 624 1423 auspicium
639 1365 710 1406 tuum
720 1351 938 1405 constantissime
948 1355 1057 1420 secutis,

141 1433 168 1475 et
180 1439 338 1492 quocunque
350 1425 437 1492 pergis
449 1425 586 1476 secuturis.
623 1424 723 1490 vicisti,
737 1439 790 1489 rex,
808 1421 1004 1488 magnitudine
1024 1441 1059 1474 re·

142 1509 199 1544 rum
213 1508 263 1544 non
275 1491 364 1544 hostes
377 1493 462 1560 ruodo,
472 1494 518 1546 sed
528 1495 609 1545 etism
618 1493 736 1546 milites.⁶
758 1491 892 1559 Quicquid
906 1493 1060 1544 mortalitas

141 1577 236 1630 capere
248 1571 356 1629 poterat,
371 1561 548 1630 implevimus.
581 1563 704 1614 Emensis
714 1563 796 1613 maria
807 1569 950 1628 terrasque
960 1563 1059 1614 melius

141 1631 223 1699 nobis,
234 1647 314 1699 quam
328 1631 427 1700 incolis,
437 1631 527 1684 omnia
538 1639 600 1682 nota
611 1639 680 1682 sunt.
711 1631 797 1682 Paene
811 1629 835 1680 in
849 1629 952 1681 ultimo
965 1631 1058 1682 mundi

141 1701 194 1754 fine
207 1700 394 1753 consistimus.⁰
426 1701 454 1753 ln
467 1701 550 1754 alium
559 1699 653 1752 orbern
666 1699 800 1768 parasite,
814 1711 840 1750 et
853 1698 965 1751 ludium
979 1717 1060 1768 quao-

143 1770 176 1822 ris
188 1769 260 1821 ludis
272 1785 377 1838 quoque
389 1769 519 1835 ignotam:
539 1769 606 1821 inter
625 1767 695 1820 feras
712 1777 903 1836 serpentesque
925 1768 1061 1837 degentes

142 1854 235 1890 eruere
253 1853 287 1890 ex
305 1837 413 1891 latebris
430 1846 458 1890 et
476 1837 610 1891 cubilibus
627 1837 809 1905 suiserrpetis,
824 1845 852 1888 ut
871 1837 962 1906 plura,
978 1855 1060 1906 quam

143 1906 182 1958 sol
194 1907 274 1974 videt,
288 1907 397 1960 victoria
409 1907 512 1960 lustres.
548 1907 633 1974 Digna
645 1923 749 1974 prorsus
761 1905 886 1972 cogitatio
896 1908 997 1960 animo
1010 1918 1060 1973 tuo,

144 1973 189 2026 sed
203 1975 278 2028 altior
290 1987 384 2028 nostro.
410 1977 499 2030 Virtus
511 1977 582 2028 enim
596 1986 641 2027 tua
653 1991 758 2043 semper
771 1976 796 2026 in
811 1976 985 2029 incremento
995 1978 1062 2044 erit,⁷

144 2057 230 2096 nostra
242 2044 283 2096 vis
293 2045 349 2113 jam
361 2046 387 2096 in
400 2045 451 2098 fine
464 2055 512 2096 est.
543 2045 647 2097 Intuere
659 2061 766 2112 corpora
778 2044 934 2113 exsanguia,
951 2055 992 2098 tot
1007 2063 1062 2115 per·

143 2112 214 2164 fossa
231 2112 390 2182 vulneribus,
412 2123 449 2166 tot
467 2113 632 2166 cicatricibus
650 2115 756 2182 putria.s
788 2115 849 2167 lam
871 2113 927 2165 tela
950 2113 1063 2168 hebetia

145 2189 219 2233 suut:
238 2179 293 2248 jam
305 2197 379 2234 arma
391 2183 524 2235 deliciunt.
561 2183 668 2235 Vestem
684 2182 816 2235 Persicum
832 2182 986 2252 induimus,
1001 2185 1062 2254 quia

145 2248 292 2302 domestica
309 2250 421 2303 subvehi
440 2267 490 2302 non
541 2257 602 2304 test.
638 2251 666 2304 ln
680 2261 816 2304 externum
829 2253 1063 2320 degeneravimus

145 2317 255 2370 uultum.
290 2319 376 2376 Quoto
388 2319 495 2387 cuique⁹
506 2267 585 2372 Euticu
598 2320 658 2372 estl
675 2321 736 2388 quis
753 2337 853 2390 equum
870 2320 979 2376 habeti
999 2324 1062 2392 jube

121 2447 122 2450 ’
146 2450 219 2494 every
230 2450 274 2482 ons
286 2435 321 2482 lor
332 2435 433 2484 himself
439 2452 445 2492 ;
463 2437 480 2484 ir
497 2438 529 2498 by
540 2454 571 2486 no
586 2455 670 2488 means
681 2439 827 2499 necessarily
838 2439 953 2500 signifies
970 2457 1007 2490 au
1023 2459 1060 2492 ex·

146 2493 254 2554 pressiori
265 2493 293 2542 of
304 2494 459 2554 displeasnre.

175 2553 215 2600 ιΑ
227 2553 319 2601 natural
330 2555 468 2614 metaphor:
489 2561 528 2603 ‘to
539 2557 568 2603 be
580 2555 658 2604 raised
668 2557 764 2618 upright
773 2557 789 2614 ς’
802 2557 917 2618 meaning
934 2557 1009 2618 here,
1025 2566 1061 2608 ‘to

66 2635 68 2640 v
147 2612 253 2662 increase
264 2613 311 2662 und
321 2616 421 2662 become
432 2630 497 2663 more
507 2615 635 2666 manifest!

146 2739 156 2778 ι
174 2671 248 2752 ’‘'l'o
264 2672 325 2720 have
341 2673 382 2720 the
398 2674 524 2722 command
540 2673 568 2722 of
579 2674 616 2722 his
632 2675 715 2735 eyes3’
730 2675 823 2732 thetis,
837 2678 878 2722 ‘to
894 2677 1008 2726 restraiu
1023 2679 1060 2727 lris

157 2744 218 2778 ears.

175 2790 229 2836 ’As
241 2798 266 2837 to
276 2790 316 2838 the
326 2790 453 2839 differeuce
462 2793 574 2840 between
586 2791 660 2852 Quem
670 2795 749 2841 uidere
757 2795 913 2841 detralmtem
922 2794 974 2843 and
988 2795 1061 2857 Quen

147 2849 225 2895 videre
234 2851 358 2906 detrahere,
372 2867 413 2898 see
426 2851 523 2910 Zumpt,
537 2851 611 2902 §636.

175 2910 184 2933 ⁴
195 2911 200 2930 ¹
211 2905 246 2952 Or
254 2920 284 3012 qo
292 2923 324 2954 on
331 2909 430 2956 before!
449 2909 503 2957 The
512 2912 631 2970 sequimur
639 2909 660 2957 is
668 2920 709 2958 not
718 2909 837 2958 sufficient
846 2909 932 2958 sortire
942 2913 1058 2972 speaker,

147 2965 190 3012 but
201 2963 231 3010 he
241 2979 256 3010 a
273 2965 301 3012 ds
312 2970 348 3014 oet
358 2971 512 3020 antecedimus
524 2969 559 3016 lor
569 2969 698 3028 emphasis.
730 2969 776 3016 See
789 2969 886 3028 Zumpt,
900 2969 980 3020 l336.

165 3028 185 3090 ᾖ
195 3021 218 3068 Α
231 3021 278 3069 fine
289 3027 441 3091 supression:
463 3027 534 3074 ‘thou
550 3028 603 3075 hast
620 3028 755 3086 conquered
771 3043 833 3076 even
849 3026 915 3076 thine
934 3044 997 3078 own
1013 3031 1057 3081 sol·

147 3080 339 3186 (bqrqx'lthlqtlrts,
355 3084 503 3138 ‘exhausted
514 3086 576 3134 their
587 3086 713 3148 strength)

215 3153 216 3156 ’
247 3155 260 3186 e
289 3155 303 3187 a
324 3176 352 3187 .-
789 3151 792 3154 “

146 3197 403 3306 Μ’ῑξζείὲιοεῐέἓζὲςῑίγ
415 3202 455 3250 the
471 3219 538 3251 same
551 3203 620 3252 mode
632 3203 660 3252 of
670 3204 823 3264 expression:
843 3203 907 3254 ‘will
918 3203 1019 3270 always
1029 3210 1056 3258 be

176 3317 184 3344 ¹
196 3315 220 3360 A
232 3330 284 3362 seur
295 3315 324 3370 is,
338 3331 364 3362 as
376 3316 477 3383 itwere,
490 3335 504 3365 a
515 3318 645 3380 putrifying
659 3330 712 3378 part
727 3323 756 3369 os
766 3321 807 3369 the
823 3321 896 3382 body,
909 3323 969 3382 and,
983 3323 1056 3374 likea

126 3405 130 3412 ,
148 3371 220 3420 black
230 3382 284 3430 spot
295 3389 325 3421 on
336 3373 426 3429 asrurt,
439 3391 453 3422 a
463 3376 517 3434 ign
528 3377 578 3426 that
590 3380 725 3436 corruption
736 3381 757 3427 is
768 3381 798 3428 be
817 3380 905 3442 using.

176 3433 186 3458 ⁸
198 3431 276 3478 ‘How
287 3430 334 3479 lew
345 3446 384 3480 are
396 3431 463 3480 there
473 3449 561 3494 among
569 3449 598 3482 us
608 3435 641 3484 all
651 3437 781 3496 possessed
791 3454 806 3486 o
826 3448 892 3488 coste
903 3439 932 3488 os
939 3442 1029 3494 matti*
