2314 3886
183 243 242 296 att
450 252 489 292 ua
513 251 619 292 arsura
642 249 823 292 russanum.

183 382 234 419 non
253 368 382 433 penetrat,
402 361 439 414 ita
458 359 562 414 alendis
584 359 705 428 frugibus
722 358 801 412 mitia.
838 357 890 412 Sed
910 357 987 412 adeo
1008 359 1084 414 inilla

182 435 260 504 plaga
272 432 388 486 mundus
399 439 482 484 statas
493 443 641 498 temporum
655 428 727 482 vices
743 435 836 496 mutat,
848 436 886 496 ut,
899 445 971 482 oum
984 429 1036 482 alia
1047 429 1084 484 ler-

182 519 244 555 vore
263 501 325 554 solis
342 508 506 568 exaestuant,
526 499 626 552 Indiam
646 500 721 551 nives
740 497 858 566 obruant,
875 514 1035 568 rursusque,
1050 500 1084 552 uhi

183 581 272 624 cetem
290 571 383 638 rigent,
401 567 456 621 illic
474 567 653 634 intolerandus
669 576 759 620 aestus
777 566 880 618 existat.
918 567 983 620 Nec
996 570 1084 638 aperuit

184 658 212 694 se
225 649 333 693 naturae
345 655 435 692 causa.
464 638 541 692 Mare
553 647 632 703 certe,
645 653 697 706 quo
708 637 822 702 alluitur,
835 653 868 687 ne
881 635 974 688 colore
988 638 1085 706 quiden

183 710 305 762 abhorret
324 725 341 760 a
361 708 465 762 ceteris.
501 707 544 760 Ab
568 705 680 776 Erythro
700 722 762 773 rege
781 704 894 759 inditum
917 713 962 758 est
983 723 1084 760 nomeu:

184 789 288 848 propter
300 777 369 847 quod
383 776 464 846 ignari
476 775 570 830 rubere
581 792 665 844 aquas
676 773 794 827 creduut.
1118 791 1119 800 ¹

219 853 260 900 31.
280 847 360 900 Terra
383 845 429 898 lini
453 845 540 898 ferax:
566 843 627 896 inde
651 842 782 914 plerisque
804 852 864 896 sunt
883 852 990 896 vestes.
1027 844 1085 898 Libri

183 918 306 971 arborum
325 915 408 968 teneri
427 914 497 966 haud
516 930 594 966 secus
610 930 692 983 quam
709 912 835 980 chartae‚¹
850 913 1005 966 litterarum
1026 925 1086 968 notas

184 989 299 1056 capiunt.
336 987 409 1038 Aves
425 983 458 1036 ad
476 982 635 1036 imitandum
653 982 786 1034 humanae
798 982 870 1034 vocis
882 999 983 1036 sonum
998 983 1087 1036 docile

184 1065 253 1108 suot.
295 1053 428 1107 Animalia
456 1051 581 1104 inusitata
608 1051 704 1104 ceteris
732 1049 863 1120 gentibus,
894 1053 948 1104 nisi
982 1053 1086 1104 inrecta.

185 1125 287 1178 Eadem
304 1133 372 1176 terra
385 1121 560 1175 rhinocerotas
576 1120 631 1189 alit,
650 1137 700 1172 non
718 1121 845 1186 generat!
880 1119 1087 1190 Elephantorum

184 1194 267 1262 major
287 1201 326 1245 est
348 1193 396 1259 vis,
421 1207 502 1259 quam
524 1205 591 1259 quos
614 1190 639 1242 in
662 1187 753 1243 Africa
775 1189 921 1259 domitaut;
946 1199 976 1243 at
999 1191 1089 1244 viribus

184 1261 339 1330 magnitudo
362 1259 510 1328 respondet.
553 1261 656 1312 Aurum
680 1257 789 1312 flumina
812 1258 921 1328 vehunt,
946 1276 1022 1330 quae
1045 1259 1089 1312 leui

184 1331 344 1398 modicoque
356 1328 429 1398 lapsu
443 1344 539 1407 segnes
549 1345 632 1396 aquas
644 1327 750 1380 ducunt.
786 1327 915 1380 Gemmas
926 1331 1089 1398 margaritas

185 1417 237 1470 que
254 1415 326 1452 mare
341 1397 460 1451 litoribus
472 1395 594 1450 infundit.
629 1397 725 1466 Neque
742 1395 794 1448 alia
811 1396 864 1450 illis
882 1397 970 1469 major
990 1399 1090 1470 opulen-

185 1471 238 1524 tiae
255 1485 336 1522 causa
353 1476 401 1534 est,
419 1466 511 1535 otique
528 1475 667 1536 postquam
686 1465 809 1518 vitiomm
827 1469 1030 1524 commercium
1044 1467 1091 1522 vul

184 1556 281 1609 gavera
301 1539 325 1592 iu
347 1546 452 1591 exteras
468 1544 562 1604 gentes
571 1535 589 1588 :³
610 1535 655 1604 qui
676 1551 709 1603 pe
726 1535 899 1588 aestimantur
917 1547 1092 1606 purgamenta

184 1607 363 1664 exaestuantis
392 1606 452 1660 freti
480 1604 571 1684 pretio,
595 1551 675 1673 qual
690 1602 770 1657 libido
796 1603 940 1658 constituit.
989 1608 1093 1678 Ingenia

185 1678 329 1746 hominum,
354 1677 422 1730 sicut
444 1674 551 1743 ubique,
574 1673 646 1743 apud
672 1672 731 1725 illos
755 1672 872 1726 locorum
895 1691 1010 1744 quoque
1035 1679 1093 1730 sirus

184 1748 299 1801 lormat.⁴
332 1746 445 1814 Corpora
461 1758 547 1810 usque
565 1741 657 1812 pedes⁵
668 1741 786 1795 carbaso⁸
797 1742 892 1812 velam,
906 1743 995 1798 soleis
1009 1745 1093 1816 pedes

184 1817 272 1885 capita
289 1814 378 1868 linteis
395 1810 529 1880 vinciun13
551 1811 634 1882 lapilli
651 1827 685 1865 ex
702 1811 809 1864 auribus
826 1813 961 1881 pendeut3
991 1815 1095 1869 brachia
1121 1879 1122 1882 Ἴ

185 1901 289 2006 quoque
309 1892 335 1936 et
355 1882 477 1935 lacertos⁷
494 1897 557 1934 auro
575 1881 670 1949 colunt,
690 1880 787 1950 quibus
803 1880 870 1933 iuter
888 1883 1041 1952 populares
1057 1893 1095 1937 aut

184 1955 244 2008 nobi
256 1955 307 2007 itas
318 1961 362 2005 aut
375 1967 440 2021 opes
451 1950 578 2004 eminent.
614 1948 745 2019 Capillum
762 1959 869 2018 pectunt
882 1954 1007 2022 saepius,
1021 1972 1096 2023 quam

185 2023 307 2090 tondent5
326 2031 448 2074 mentum
460 2036 566 2088 semper
578 2019 710 2072 intonsum
721 2027 778 2088 est3
797 2017 928 2090 reliquam
941 2023 999 2075 oris
1011 2034 1098 2078 cutem

184 2091 216 2144 ad
230 2092 347 2158 speciem
361 2088 475 2142 levitatis
486 2099 644 2156 exaequant.

219 2165 260 2212 32.
278 2161 381 2227 Regum
392 2167 481 2212 tamen
493 2157 602 2226 luxuria,
613 2173 693 2226 quarn
705 2155 753 2226 ipsi
766 2157 1001 2225 magnificentiam
1012 2181 1030 2216 a
1050 2162 1099 2232 pel·

185 2230 247 2297 lant,
267 2245 345 2297 super
362 2227 480 2279 omnium
497 2226 617 2294 gentium
635 2227 708 2280 vitia.
746 2225 811 2278 Cum
832 2244 877 2280 rex
894 2245 924 2280 se
944 2229 970 2282 in
995 2180 1099 2300 puhlico

185 2297 301 2366 conspici
320 2297 422 2366 patitur,
442 2294 556 2348 turibula
573 2305 699 2364 argentea
716 2295 825 2348 ministri
845 2296 941 2368 lerunt,
956 2309 1100 2371 totumque

185 2367 242 2434 iter,
266 2381 313 2434 per
332 2365 401 2434 quod
425 2363 486 2417 ferri
509 2363 658 2434 destinavit,
679 2363 801 2418 odoribus
823 2366 968 2436 complent.
1013 2375 1101 2424 Aurea

184 2487 261 2535 winds
278 2491 375 2542 (tractor)
391 2487 414 2533 in
430 2486 471 2535 tho
488 2486 593 2535 Grecian
607 2501 662 2535 sess
673 2486 733 2535 with
743 2486 823 2536 which
838 2486 868 2536 he
880 2504 932 2537 was
948 2495 1102 2552 acquainted

184 2548 248 2596 bluw
259 2545 319 2595 srom
331 2543 372 2593 the
383 2545 461 2593 north.

213 2607 310 2675 {Boper
319 2605 388 2652 made
397 2604 424 2651 oi
431 2605 472 2651 tlte
483 2604 540 2653 reed
547 2621 663 2667 papyrus,
675 2606 715 2652 tlte
725 2605 835 2666 ordinary
843 2607 978 2656 substance
992 2613 1061 2662 used
1072 2613 1103 2661 sor

184 2677 285 2794 wpqnhge
291 2663 512 2792 LllllllhlllgRihlllllat
521 2720 590 2770 these
601 2722 703 2770 animels
714 2738 782 2792 come
793 2723 829 2770 sih
848 2723 872 2792 ly
881 2723 943 2772 from
955 2727 1005 2777 the
1019 2731 1103 2799 neigh-

184 2785 285 2843 bourmg
296 2790 431 2838 countrres;
444 2799 462 2829 e.
469 2799 494 2842 g.
505 2780 567 2828 from
575 2780 679 2829 Furthar
688 2781 757 2830 India
765 2793 816 2832 utto
824 2739 911 2830 llltther
920 2783 1010 2845 India,
1022 2789 1104 2838 which

184 2841 253 2888 alone
264 2857 308 2889 our
318 2840 403 2888 auther
414 2839 572 2888 understands
583 2841 616 2898 by
627 2839 705 2888 ladio.

212 2900 307 2954 'Quite
319 2907 418 2947 correct.
452 2898 520 2946 ‘'I'he
536 2897 633 2947 Indiuns
650 2900 721 2947 make
780 2909 803 2948 at
819 2900 874 2961 gain
890 2901 923 2961 by
935 2902 980 2951 the
995 2907 1072 2956 trade
1083 2909 1106 2955 iu

183 2959 277 3026 pearlsq
284 2958 413 3026 especially
430 2957 496 3025 since
513 2956 553 3003 the
569 2957 627 3005 time
644 2959 716 3006 when
732 2970 741 3006 t
760 2974 791 3018 ey
807 2961 884 3020 began
900 2970 926 3008 to
943 2967 1047 3014 extend
1066 2967 1106 3014 the

183 3015 260 3064 traffic
271 3031 295 3063 m
305 3030 371 3064 orces
382 3023 399 3072 (ι
407 3016 531 3084 Ιιυωτιεεῑ1
544 3015 632 3084 sartha
643 3017 720 3096 desire
730 3017 757 3066 os
765 3018 851 3079 luxury
861 3019 907 3067 isa
917 3021 984 3079 vice,
1001 3037 1030 3072 at
1042 3025 1105 3074 least

183 3073 737 3203 ⁸i'fhl‘lllllll‘lrlilllellllil'nrn
769 3136 893 3191 ‚nom
909 3153 924 3184 a
939 3154 1018 3200 m„
1032 3144 1105 3192 iun.

183 3207 243 3240 ence
259 3207 283 3238 tn
299 3191 403 3260 forming
413 3189 454 3254 tlte
465 3191 620 3258 dispositione
631 3190 660 3238 os
671 3192 712 3240 the
730 3209 752 3240 m
771 3194 902 3251 abitantsr'
919 3197 973 3246 that
989 3201 1015 3250 is
1040 3203 1107 3252 their

182 3248 999 3366 arlllttltttlllglll'ttritlltlttl'hilma
1018 3237 1024 3259 ¹

211 3372 221 3396 ·
233 3365 338 3413 ‘Cotton
350 3364 414 3412 eloth
423 3365 439 3420 ;’
457 3364 542 3422 plural,
554 3367 644 3412 curbcai
653 3368 699 3415 and
709 3372 811 3417 carbaso.
867 3404 874 3418 ,
892 3329 951 3373 ⁸un
1007 3323 1097 3382 μὴ

213 3422 386 3473 'Bruttianis
397 3420 438 3468 tlte
453 3431 503 3479 part
519 3423 599 3469 ottho
614 3437 666 3471 arm
681 3425 742 3474 from
757 3427 798 3474 the
814 3427 877 3476 hand
893 3437 918 3476 to
933 3431 978 3480 the
998 3435 1107 3486 elbow‘

184 3481 293 3538 lamae,
306 3479 500 3540 rhefleehypart
510 3479 933 3536 homthaelbowtotheehoulder.
1101 3473 1107 3491 ⁵
