2264 3880
138 158 196 214 288
406 169 445 210 nu
469 169 575 210 essars
597 169 781 213 saexsumn.

137 280 280 350 leonesque
300 295 373 332 rarae
390 277 580 351 magnitudinis
599 286 625 329 et
644 277 731 346 tigres,
746 287 896 346 utrumque
910 278 1057 335 animalnd

138 347 371 404 mansuetudinem
400 347 537 400 domitum.
572 348 727 399 lacertarum
757 363 867 416 quoque
907 349 1055 416 ingentium

156 419 230 486 elles,
250 429 276 470 et
298 417 375 470 dorsa
395 416 566 469 testudinum.
604 415 832 468 Cratero-deinde
858 415 987 486 imperat
1010 435 1055 486 rex,

137 437 208 540 laud
230 487 320 556 procul
337 504 427 554 amne,
446 501 591 556 perquem
610 493 665 536 erat
685 485 740 554 ipse
758 486 953 556 navigaturus,
974 488 1057 556 copias

138 557 262 610 duceret:
283 573 329 610 eos
346 565 445 623 autem,
465 555 509 624 qui
527 554 647 606 comitari
664 570 727 607 eum
746 555 879 624 solebant,
899 557 1022 626 imponit
1035 559 1056 608 in

138 643 227 693 naves,
242 636 267 678 et
280 627 306 678 in
318 625 386 678 fines
403 624 556 677 Malloruml
575 621 692 676 secundo
703 639 782 674 amne
795 624 959 678 devehitur.
998 625 1056 678 lude

138 695 273 748 Sabarcas²
291 694 363 764 adiit,
383 693 500 746 validam
523 691 614 746 Indiae
638 700 754 760 gentem,
778 710 851 761 quae
875 696 987 764 populi,
1013 712 1055 748 nou

139 781 229 832 regum
249 765 358 834 imperio
377 761 524 832 regebatur.
562 761 702 830 Sexaginta
725 762 798 814 milia
821 763 956 831 peditum
981 765 1056 818 habe

137 831 209 902 bant,
223 837 343 904 equiturn
362 849 410 884 sex
427 831 515 884 milia:
534 829 583 883 has
599 831 687 900 copiae
698 847 790 884 currus
802 833 954 901 quingenti
967 850 1057 903 seque·

138 903 241 956 bantur.
277 903 344 955 Tres
360 899 443 954 duces
461 909 593 971 spectatos
609 901 704 954 virtute
722 899 992 970 bellicaelegerant.
1028 907 1057 956 At

138 973 226 1040 quiin
245 973 314 1040 agris
332 980 406 1023 erant
425 970 535 1040 proximi
554 969 656 1032 flumini
675 969 838 1040 (frequentes
856 982 959 1024 autem
980 973 1056 1039 vicos

138 1042 255 1094 maxime
280 1042 306 1094 in
330 1041 386 1108 ripa
409 1039 557 1108 habebunt)
581 1046 609 1090 ut
632 1039 724 1091 videre
748 1048 832 1092 toturn
856 1057 988 1111 amnem,
1010 1059 1058 1110 qua

157 1110 252 1180 respici
275 1118 384 1189 poterat,
403 1109 516 1176 navigiis
539 1115 708 1176 constratum,
727 1114 754 1159 et
777 1116 814 1160 tot
836 1109 964 1164 militurn
987 1127 1057 1164 arma

138 1127 274 1250 lblgentia,
299 1179 382 1232 territi
405 1194 474 1230 nova
496 1177 574 1247 facie,
598 1175 708 1228 deorum
732 1178 881 1231 exercitum
915 1188 946 1232 et
978 1181 1056 1234 aliun

139 1247 266 1302 Liberum
284 1249 398 1316 Patrem,
412 1247 517 1300 celebre
536 1246 561 1299 in
582 1246 634 1298 illis
647 1245 771 1313 gentibue
781 1263 890 1310 nornen,
905 1249 1056 1302 adventare

138 1317 290 1370 credebant.
334 1317 404 1368 Hinc
429 1315 544 1369 militum
571 1314 678 1383 clamor,
702 1313 763 1367 hinc
793 1332 933 1371 remorum
966 1319 1058 1398 pulsus

139 1385 278 1454 variaeque
295 1393 434 1441 nautarum
450 1402 530 1437 voces
543 1384 714 1438 hortantium³
730 1384 840 1453 pavidas
858 1390 945 1440 aures
964 1387 1056 1458 imple

138 1463 238 1506 verant.
275 1455 344 1522 Ergo
363 1453 479 1509 universi
498 1455 532 1506 ad
550 1470 602 1522 eos,
623 1454 667 1522 qui
686 1452 711 1505 in
730 1455 811 1506 armis
829 1465 918 1524 eraut,
939 1465 1055 1511 currunt

138 1523 225 1576 furere
245 1523 421 1591 clamitantes,
442 1531 548 1576 etcum
568 1522 620 1575 diis
639 1521 768 1591 proelium
791 1523 920 1578 inituros:
948 1527 1055 1594 navigia

138 1609 189 1644 non
207 1610 284 1670 posse
303 1592 444 1662 numerari,
458 1610 526 1662 quae
544 1592 654 1644 invictos
666 1592 734 1644 viros
746 1591 883 1646 veherent.
924 1595 1056 1648 Tantum-

138 1679 189 1730 que
209 1680 235 1714 in
254 1663 400 1715 exercitum
419 1679 527 1715 suorum
545 1660 657 1714 intulere
676 1661 829 1731 terrorism
845 1661 954 1730 legatos
968 1666 1055 1718 mitte·

140 1741 196 1784 rent
207 1741 316 1799 gentem
329 1731 474 1784 dedituros.

173 1805 214 1852 31.
234 1801 282 1854 llis
294 1801 320 1854 in
333 1799 415 1854 fidem
426 1798 551 1869 acceptis,
561 1797 596 1851 ad
607 1798 674 1851 alias
686 1797 783 1852 deinde
794 1808 888 1871 gentes
900 1811 1003 1881 quarto
1015 1803 1054 1856 die

138 1869 266 1938 pervenit.
303 1869 393 1923 Nihilo
410 1870 471 1940 plus
488 1868 571 1922 animi
593 1868 636 1922 his
659 1867 717 1938 suit,
736 1885 817 1936 quam
837 1878 942 1924 ceteris
958 1871 1054 1926 fuerat.

139 1939 230 2008 ltaque
248 1939 343 2010 oppido
361 1938 399 1992 ibi
417 1937 541 1991 conditc⁴
555 1937 625 2006 quod
641 1938 831 1992 Alexandriam
848 1941 985 2008 appellari
1005 1944 1054 2012 jus

138 2005 215 2076 serat,
235 2009 303 2062 fines
320 2025 420 2077 eorum,
439 2008 484 2078 qni
536 2007 635 2060 usicani
653 2005 824 2076 appellantur,
843 2007 963 2062 intravit.
1008 2013 1054 2064 Hic

138 2077 171 2128 de
184 2078 298 2130 Teriolte
311 2086 423 2147 satrape,
437 2093 517 2146 quem
535 2075 747 2145 Parapamisadis
765 2075 942 2148 praefecerat,
956 2080 1054 2134 iisdem

137 2146 310 2214 arguentibus
332 2147 453 2214 cognovit
463 2149 480 2198 :⁵
502 2145 639 2214 multaque
660 2161 739 2198 avare
759 2147 929 2214 aovsuperbe
955 2147 1053 2204 fecisse

138 2216 289 2268 convictum
309 2215 420 2268 interfici
441 2214 526 2284 jussit.
562 2215 698 2284 Oxyartes,
719 2223 821 2284 praetor
838 2215 1052 2286 Bactrianorum,

137 2301 187 2337 non
200 2283 337 2337 absolutus
349 2284 435 2356 modo,
449 2284 495 2336 sed
509 2283 591 2337 etiarn
605 2283 663 2354 jure
676 2283 783 2336 amoris⁶
793 2284 933 2354 amplioris
947 2287 1052 2357 imperii

137 2353 249 2406 donatus
268 2362 308 2405 eet
326 2353 431 2406 finibus.
467 2352 616 2407 Musicanis
630 2353 727 2406 deinde
739 2351 766 2406 in
779 2353 912 2406 dicionem
927 2357 1052 2426 redactis

138 2422 195 2475 urbi
207 2434 299 2476 eorum
310 2420 471 2492 praesidium
484 2422 618 2491 imposuit.
645 2421 710 2474 Inde
722 2422 851 2492 Praestos,
864 2430 893 2475 et
905 2424 1003 2494 ipsam
1016 2429 1053 2482 ln·

137 2491 197 2544 diae
216 2500 333 2560 gentem,
354 2501 513 2562 perventum
533 2501 582 2544 est.
620 2490 771 2545 Porticanus
795 2507 841 2544 rex
863 2501 931 2562 erat,
954 2498 1054 2565 quise

136 2561 255 2614 munitae
268 2561 326 2614 urbi
339 2577 401 2614 cum
414 2577 511 2630 magna
523 2577 603 2620 manu
616 2557 781 2630 popularium
794 2560 951 2617 incluserat.
978 2567 1054 2619 Hanc

137 2631 286 2684 Alexander
299 2630 374 2683 tertio
383 2630 436 2700 die,
446 2647 526 2699 quarn
539 2638 662 2698 coeperat
673 2628 802 2697 obsidere,
811 2634 989 2751 expugnavit.
1022 2637 1053 2690 Et
1099 2667 1100 2676 .

138 2701 296 2769 Porticanus,
309 2717 372 2752 cum
389 2700 417 2752 in
435 2717 525 2753 arcem
543 2698 713 2767 confugisset,
726 2697 827 2766 legatos
860 2717 875 2750 e
891 2702 1054 2758 condicione

155 2785 172 2836 *¹
184 2785 238 2856 Tbe
250 2808 350 2856 modern
360 2809 411 2869 city
421 2807 450 2858 of
457 2808 575 2865 Mecium,
588 2823 619 2856 on
630 2807 671 2855 the
684 2807 784 2856 Chenab
797 2809 948 2869 (Acesines),
963 2813 985 2862 is
997 2831 1052 2875 enp-

136 2867 210 2926 poeed
221 2876 245 2914 tc
256 2867 317 2915 have
329 2869 392 2915 been
403 2867 444 2915 the
455 2866 522 2916 chief
534 2878 600 2916 town
613 2866 641 2916 os
652 2867 700 2914 this
712 2869 781 2915 tribe.

164 2926 302 2974 ⁹Diodorus
313 2927 373 2974 cells
384 2927 433 2974 this
445 2928 505 2976 tribe
517 2926 557 2975 the
570 2927 721 2974 Sambastse.

164 2989 172 3012 ³
185 2985 235 3032 ‘As
247 2985 306 3045 they
316 3001 420 3034 enconrs
438 2986 468 3034 ed
483 3001 528 3034 one
545 2986 669 3042 another3’
687 2985 792 3046 namen,
806 2995 831 3034 to
842 2988 938 3037 stretch
951 2999 979 3038 to
989 2992 1053 3040 their

135 3059 197 3096 cars.
210 3060 237 3092 or
247 3056 272 3092 to
281 3045 319 3092 aid
331 3045 356 3091 in
367 3061 413 3104 any
421 3002 489 3104 duty.

164 3109 172 3130 ⁴
186 3103 322 3162 According
339 3113 363 3150 to
380 3104 476 3159 Anien,
490 3103 538 3152 this
550 3104 599 3164 city
610 3118 660 3151 was
671 3101 733 3152 built
744 3112 768 3151 at
780 3104 821 3152 the
831 3105 900 3164 point
912 3108 1001 3158 where
1014 3111 1051 3159 tbc

137 3163 254 3210 Acesines
265 3161 320 3209 selle
332 3162 383 3209 into
394 3163 435 3210 the
448 3163 530 3210 Indus.

165 3229 172 3253 ⁶
184 3222 249 3268 That
260 3222 289 3275 is.
301 3230 325 3268 at
336 3221 380 3268 the
390 3221 498 3268 instance
509 3221 537 3268 os
549 3221 589 3268 the
602 3221 811 3280 Parapanisadae,
825 3221 856 3270 he
867 3232 911 3282 put
923 3223 1050 3276 Terioltes

136 3278 926 3400 ¹¹‘2⁰1¹l22.lltli⁰t.³ttl‘*lgltillititlttt‘liltlhlitit
934 3287 1049 3394 &mli

244 3385 246 3387 >
721 3373 727 3395 r
967 3361 995 3394 RS
1039 3361 1051 3393 θ

137 3395 212 3443 lother
223 3396 251 3443 ol
258 3395 368 3444 Roxane.
