2314 3886
775 127 803 190 η.

152 189 212 247 280
420 201 460 243 ur
483 203 591 245 aroris
612 200 795 244 auxarum.

152 321 226 366 rant:
252 311 279 364 id
296 309 419 382 plurimis
435 321 463 366 et
480 310 673 364 adminiculum
690 317 717 363 et
735 307 883 376 suffugium
902 316 980 361 erat.
1017 308 1079 362 Nec

152 381 262 436 fallebat
286 381 357 450 ipsos
379 382 463 434 morti·
478 381 567 434 locum
589 380 696 448 eligere,
718 395 780 432 eum
800 377 963 432 immobiles
984 377 1079 430 vitalis

152 450 223 504 calor
243 449 387 518 linqueret:
413 450 461 503 sed
480 459 554 518 grata
574 458 630 502 erat
650 448 754 518 pigritia
774 463 914 516 corporum
938 447 1076 516 fatigatis

152 536 204 572 nec
222 519 379 573 recusabant
397 519 517 588 extingui
529 517 699 587 quiescendo.
734 517 837 586 Quippe
850 533 902 571 non
915 516 1078 570 vehemens

65 599 73 610 '
151 588 238 657 ruodo,
261 589 410 643 sedetiam
433 589 562 658 pertinax¹
582 590 624 641 vis
646 587 710 640 mali
729 585 867 638 insistebat
874 601 883 654 5
907 585 1074 664 lucemque,

151 658 270 712 naturale
284 657 412 728 solatium,
426 666 530 727 praeter
547 666 735 726 tempestatem
749 655 820 708 haud
832 654 976 723 disparem
989 667 1074 721 noctu,

151 727 278 781 silvarum
295 744 399 797 quoqne
418 727 512 780 umbra
529 734 719 796 suppresserat.
754 725 811 778 Rex
827 741 898 778 uuus
915 725 990 776 tanti
1008 725 1075 778 mali

151 798 255 868 patiens
267 797 408 852 circumire
420 796 527 865 milites,
540 795 694 848 contrahere
707 794 847 864 dispersos,
860 794 984 861 allevare
998 811 1074 862 pros·

151 876 238 936 tratos,
258 866 397 920 ostendere
418 865 508 934 procul
529 865 667 918 evolutum
686 881 721 918 ex
740 861 853 932 tuguriis
868 861 992 932 sumum,
1015 863 1075 916 hor·

150 937 254 1005 tarique
272 944 301 988 ut
319 935 438 1004 proxima
455 951 577 1005 quaeque
595 933 711 1001 suffugia
727 940 896 1002 occuparent.
932 933 1000 986 Nec
1019 933 1075 986 ulla

151 1022 194 1060 res
205 1005 290 1074 magis
303 1005 380 1058 saluti
392 1005 449 1074 tuit,
461 1017 544 1072 quam
556 1003 626 1072 quod
638 1001 812 1073 multiplicato
823 1001 913 1054 labore
926 1002 1074 1056 sufficieu-

150 1084 207 1198 {earlp
219 1074 316 1144 malis,²
327 1073 426 1144 quibus
442 1073 493 1143 ipsi
510 1082 652 1142 cesserant,
670 1089 762 1142 regem
779 1071 902 1125 deserere
920 1070 1074 1124 erubesce·

189 1218 227 1265 1⁵.
247 1213 372 1265 Ceterum
390 1210 524 1266 efficacior
540 1212 568 1265 iu
585 1211 704 1264 adversis
720 1210 873 1277 necessitas,
888 1211 982 1279 quam'
993 1211 1072 1279 ratio,

151 1280 254 1350 frigoris
276 1279 426 1334 remedium
449 1280 557 1334 invenit.
599 1279 721 1334 Dolahris
742 1280 815 1332 enim
839 1277 920 1332 silvas
946 1287 1073 1332 sternere

150 1349 277 1418 aggressi,
291 1349 390 1418 passim
407 1366 517 1402 acervos
533 1358 673 1420 struesque
689 1349 874 1405 accenderunt.
910 1348 1071 1402 Continenti

150 1418 274 1472 incendio
291 1417 383 1472 ardere
401 1419 524 1472 crederes
542 1419 648 1488 saltum,
661 1428 689 1472 et
700 1418 745 1472 vix
761 1419 829 1472 inter
840 1417 968 1471 flammas
980 1418 1071 1486 agmi-

150 1487 230 1542 nibus
249 1487 370 1542 relictum
390 1488 488 1542 locum.
524 1489 576 1541 llio
596 1489 667 1542 calor
687 1488 820 1558 stupentia
839 1486 975 1540 membra³
995 1504 1071 1540 com·

150 1555 241 1626 movit,
255 1555 383 1626 paulatim
403 1575 436 1612 ue
455 1558 570 1628 spiritus,
590 1575 671 1627 quem
689 1557 854 1610 continuerat
872 1556 950 1625 rigor,
972 1574 1071 1610 meare
1119 1583 1120 1594 .

150 1626 233 1680 libere
257 1627 353 1694 coepit.
436 1644 532 1696 cepere
555 1627 622 1681 alios
645 1635 716 1680 tecta
738 1627 914 1692 barbarorum,
941 1642 1020 1694 quae
1045 1630 1071 1678 m

150 1695 244 1750 ultimo
263 1695 333 1749 saltu
352 1697 444 1750 abdita
462 1697 610 1750 necessitas
632 1696 851 1764 investigaverat,
874 1694 942 1748 alios
967 1705 1070 1766 castra,

150 1781 219 1834 quae
236 1765 264 1817 in
282 1765 392 1818 humido
409 1765 528 1835 quidem,
542 1765 588 1818 sed
606 1766 660 1836 jam
679 1766 746 1818 coeli
765 1765 921 1818 mitescente
940 1766 1070 1832 saevitia,

151 1833 310 1888 locaverunt.
347 1835 406 1888 Duo
424 1835 499 1888 milia
515 1835 631 1888 militum
648 1845 728 1904 atque
747 1834 860 1889 lixarum
874 1833 1072 1904 calonumque*

150 1905 234 1972 pestis
256 1903 302 1956 illa
325 1904 497 1976 consumpsit.
532 1904 682 1964 Memoriae
705 1904 838 1974 proditum
860 1913 909 1972 eat,
930 1905 1071 1972 quosdam

143 1973 296 2042 ¹applicatos
317 1975 441 2028 arborum
464 1973 572 2042 truncis,
597 1985 624 2026 et
648 1990 700 2028 non
723 1973 810 2028 solum
832 1973 997 2042 viventibus,
1022 1975 1070 2028 sed

150 2041 232 2096 etiam
245 2042 313 2094 inter
325 2060 354 2096 se
366 2043 577 2112 colloquentibus
589 2043 698 2113 similes,
708 2061 767 2098 esse
776 2050 939 2112 conspectos,
950 2041 1071 2098 durante

150 2109 239 2163 adhuc
257 2109 358 2180 habitu,
371 2113 398 2164 iu
416 2129 467 2181 quo
485 2129 556 2166 mors
574 2129 708 2183 quemque
726 2111 948 2183 deprehenderat.
987 2112 1072 2168 Forte

151 2179 266 2232 Macedo
284 2181 420 2248 gregarius
437 2181 517 2234 miles
535 2199 617 2250 seque
635 2191 662 2236 et
680 2199 754 2236 arma
772 2189 930 2248 sustentans,
952 2182 1070 2239 tandem

151 2247 179 2301 in
197 2256 283 2300 castra
301 2258 465 2317 pervenerat.
501 2250 560 2308 Quo
579 2251 710 2320 visores,
730 2267 894 2321 quamquam
913 2251 974 2319 ipse
997 2263 1071 2306 tum·

151 2316 269 2370 maxime
287 2319 393 2370 admoto
414 2318 475 2386 igne
496 2318 631 2373 refovebat
650 2330 729 2389 artus,
750 2337 784 2374 ex
804 2320 870 2374 sella
889 2336 938 2373 sua
960 2321 1069 2390 exiluit,

152 2394 353 2456 torpentemque
376 2386 491 2441 militem
517 2397 545 2441 et
567 2389 614 2442 vix
639 2398 789 2459 compotem
816 2389 920 2457 mentis,
946 2389 1071 2460 demptis

151 2455 241 2524 amnis,
255 2455 282 2508 in
295 2473 344 2510 sua
355 2455 420 2510 sede
436 2456 514 2526 jussit
526 2458 671 2512 considere.
708 2459 814 2512 illediu
826 2458 931 2512 necubi
946 2461 1070 2528 requies-

151 2534 232 2594 caret,
251 2542 302 2578 nec
318 2543 335 2578 a
353 2542 405 2596 quo
424 2536 495 2581 esset
515 2537 644 2598 exceptus
663 2529 777 2596 agrrovit.
814 2526 935 2581 Tandem
957 2540 1070 2600 recepto

152 2594 239 2648 calore
252 2595 332 2662 vitali,
345 2605 374 2650 ut
390 2597 491 2664 regiam
503 2597 597 2650 sedem
610 2614 753 2667 regemque
765 2597 838 2666 vidit,
851 2595 959 2651 territus
971 2601 1069 2668 surgit.

152 2664 239 2724 Quem
259 2666 366 2720 intuens
385 2666 546 2736 Alexander,
567 2666 671 2735 Ecquid
696 2666 840 2738 intelligis,⁶
859 2665 947 2736 miles,
971 2666 1068 2739 inquit,

181 2802 189 2824 ¹
202 2796 339 2857 ‘Lasting’
354 2798 527 2847 ‘continuone'

180 2854 294 2911 '‘Who,
312 2855 372 2904 with
391 2857 451 2912 (that
470 2857 499 2913 is,
520 2856 743 2917 notwithstanding)
759 2857 853 2917 greatly
871 2872 936 2904 more
957 2861 1067 2918 trouble,

153 2912 249 3031 ppplvdeedd
260 2913 364 2992 ,himself
380 2931 395 2963 a
415 2916 496 2964 match
517 2915 553 2964 for
573 2915 614 2964 the
635 2915 777 2974 calamities,
798 2926 824 2964 to
839 2916 919 2964 which
939 2917 1004 2978 they
1022 2920 1069 2982 had

183 3034 192 3057 ²
203 3028 272 3076 ‘The
284 3031 421 3080 benumbed
432 3033 521 3081 limbs.‘

183 3101 277 3169 ‘Lisos
292 3117 331 3150 ars
347 3103 396 3152 free
412 3106 506 3165 people‚
520 3107 576 3154 who
592 3105 673 3154 follow
683 3123 714 3154 an
729 3122 797 3167 army
812 3107 837 3156 in
851 3107 944 3167 pursuit
961 3110 991 3157 of
1004 3111 1070 3161 their

154 3171 295 3217 avocation3
311 3163 412 3219 colones,
425 3164 467 3212 the
478 3165 559 3214 slaves
569 3165 597 3213 os
604 3165 645 3213 the
656 3166 764 3214 soldiers.

185 3232 328 3292 ‘Literally,
345 3232 421 3282 ‘Dost
436 3235 496 3283 thou
511 3236 536 3283 in
551 3252 599 3296 any
609 3247 702 3296 respect
719 3238 786 3287 seet’
819 3237 868 3296 But
882 3241 965 3301 ecquid
979 3241 1002 3290 is
1016 3243 1069 3294 also

155 3291 216 3340 used
227 3290 318 3350 merely
328 3306 354 3338 as
365 3307 395 3338 an
406 3291 575 3360 interrogative
587 3295 694 3353 particle,
707 3309 746 3344 not
759 3296 816 3357 only
826 3297 965 3358 negatively
976 3307 994 3356 (ι
1004 3301 1068 3352 Dost

155 3349 215 3396 thou
226 3350 313 3416 seel'),
326 3349 370 3396 but
381 3349 432 3396 also
442 3352 585 3455 Bosrtivelm
603 3351 654 3400 that
666 3355 695 3410 is,
706 3355 765 3403 with
776 3355 817 3404 the
829 3357 985 3416 expectation
995 3361 1028 3410 oi
1039 3377 1068 3412 an

157 3405 298 3455 affirmative
310 3422 404 3456 answer
416 3413 433 3464 t‘
465 3419 502 3456 ost
514 3409 573 3458 thou
584 3419 625 3458 not
636 3427 677 3460 see
685 3413 722 3468 t‘).
754 3413 803 3464 See
813 3415 910 3477 Zumpt,
924 3416 1001 3468 i35l.
