2314 3886
498 250 588 290 nisan
611 250 661 288 vu.
851 196 853 200 Ι
979 235 1033 292 198

124 363 219 418 itinere
241 363 388 418 exercitum
411 360 518 412 ducens.
557 361 700 426 Aquarum,
725 367 753 412 ut
776 368 838 412 ante
861 359 1035 430 dictumest,

124 434 235 504 penuria
259 435 330 500 prius
354 429 546 498 desperatione,
571 445 652 496 quarn
676 427 807 480 desiderio
831 428 941 484 bibendi
964 432 1036 484 sitirn

124 502 266 558 accendit.¹
317 503 364 554 Per
388 499 472 551 CCCC
496 499 581 550 stadia
605 514 639 550 ne
663 499 783 550 modicus
805 497 915 566 quidem
945 501 1037 554 humor

125 574 223 626 existit.
270 572 390 622 Harenas
414 583 493 635 vapor
516 569 610 620 aestivi
635 567 697 618 solis
725 567 862 620 accendit:
893 586 962 636 quae
991 572 1036 624 ubi

125 643 238 709 flagrare
261 647 413 708 coeperunt,
438 636 506 689 haud
532 655 609 690 secus
632 652 712 704 quarn
743 638 884 690 continenti
915 640 1036 692 incendio

125 721 222 764 cuncta
245 709 393 762 torrentur.²
428 707 518 775 Caligo
541 707 645 772 deinde,
668 705 810 758 immodico
831 717 915 758 terrae
935 707 1037 762 fervore

125 782 248 846 excitata,
262 779 350 831 lucem
369 777 450 844 tegit:
470 792 676 844 camporumque
695 793 745 826 nou
763 774 815 826 alia
833 792 912 844 quam
927 779 993 830 vasti
1010 787 1037 831 st

126 849 247 918 profundi
270 847 391 916 aequoris
417 847 521 914 species
543 855 592 897 est.
640 846 804 898 Nocturnum
829 845 878 898 iter
902 847 1036 900 tolerabile

126 919 273 986 videbatur,
287 917 349 985 quia
368 933 423 967 rore
442 924 468 966 et
486 915 615 966 matutino
634 913 729 980 frigore
748 931 855 982 corpora
873 915 1036 970 levabantur.

126 989 250 1040 Ceterum
269 1003 330 1038 curn
350 985 407 1054 ipsa
425 984 484 1036 luce
503 993 594 1036 aestus
610 984 697 1050 oritur,
711 999 872 1052 omnemque
890 985 1036 1040 naturalem

125 1057 250 1110 absorbet
269 1056 408 1110 humorem
426 1053 548 1120 siccitas,
566 1069 610 1120 ora
627 1052 783 1120 visceraque
801 1055 908 1123 penitus
920 1063 1035 1108 uruntur.

127 1127 219 1195 ltaque
244 1129 357 1195 primum
381 1124 470 1189 animi,
495 1121 592 1174 deinde
616 1137 723 1190 corpora
746 1122 862 1175 deficere
885 1134 1035 1192 caeparum.

127 1196 239 1264 Pigebat
251 1205 277 1248 et
289 1196 432 1251 consistere
445 1202 472 1244 et
484 1191 613 1261 progredi.
650 1191 731 1244 Pauci
744 1209 760 1244 a
772 1194 863 1260 peritis
873 1193 1036 1261 regianisad·

127 1266 219 1318 moniti
232 1273 417 1334 praepararant
434 1279 540 1331 aquarn.
578 1260 651 1312 Haec
663 1261 796 1330 paulisper
809 1264 931 1332 repressit
949 1264 1035 1318 sitim:

126 1334 225 1388 deinde
237 1343 373 1386 crescente
385 1341 458 1385 aestu
472 1347 561 1384 rursus
578 1329 742 1382 desiderium
760 1330 880 1384 humoris
894 1350 1038 1386 accensum

127 1416 175 1456 est.
220 1405 288 1472 Ergo
311 1403 436 1473 quicquid
460 1401 516 1452 vini
540 1400 645 1468 olieque
669 1411 725 1452 erat
747 1401 838 1454 oribus
861 1403 1036 1472 ingerebatur,

127 1481 253 1542 tantaque
266 1471 378 1526 dulcedo
395 1469 505 1524 bibendi
522 1469 580 1538 fuit,
595 1478 623 1522 ut
641 1469 666 1521 in
685 1478 818 1538 posterum
832 1472 890 1526 sitis
900 1489 950 1525 non
963 1477 1038 1526 time·

128 1552 206 1596 retur.
242 1545 343 1596 Graves
366 1539 463 1594 deinde
486 1539 566 1592 avide
587 1537 681 1592 hausto
705 1538 815 1592 humore
838 1558 889 1594 non
910 1543 1038 1596 sustinere

127 1629 209 1682 arma,
230 1629 282 1666 nou
302 1611 403 1680 ingredi
424 1619 559 1680 poterant3
583 1617 610 1660 et
630 1608 762 1660 feliciores
786 1609 950 1679 ridebantur,
971 1627 1039 1680 quos

126 1699 197 1752 aqua
215 1682 358 1750 defecerat,
379 1697 442 1736 cum
462 1679 512 1748 ipsi
533 1678 590 1730 sine
610 1677 689 1730 modo
708 1677 821 1730 infusam
844 1682 944 1734 vomitu
962 1697 1039 1748 coga-
1125 1738 1128 1746 .

128 1762 216 1804 rentur
241 1767 360 1819 egerere.
407 1749 524 1804 Anxium
554 1764 646 1814 regem
675 1746 756 1800 tantis
779 1747 858 1801 malis
884 1749 1039 1804 circumfusi

127 1822 216 1890 amici,
229 1830 257 1874 ut
270 1819 436 1874 meminisset
455 1817 504 1884 sui,
517 1815 641 1884 orabant;
659 1816 744 1868 animi
761 1818 814 1869 sui³
827 1820 1039 1886 magnitudinem

127 1891 236 1944 unicum
249 1887 397 1942 remedium
411 1885 561 1938 deficientis
574 1885 709 1937 exercitus
720 1902 794 1938 esse:
808 1903 870 1940 curn
884 1905 918 1942 ex
930 1888 979 1958 his,
993 1889 1039 1957 qui

127 1967 327 2029 praecesserant
345 1955 379 2008 ad
399 1953 559 2023 capiendum
584 1953 672 2006 locum
695 1954 796 2022 castris,
817 1955 870 2008 duo
893 1960 1041 2014 occurrunt⁴

129 2028 232 2082 utribus
242 2043 339 2094 aquam
351 2032 495 2092 gestantes,
508 2031 537 2074 ut
550 2022 609 2074 filiis
621 2023 683 2090 suis
697 2039 763 2091 quos
781 2025 806 2076 iu
826 2025 922 2078 eodem
933 2027 1040 2094 agmine

129 2115 195 2163 esse,
216 2105 243 2147 et
263 2112 343 2163 aegre
363 2093 417 2162 pati
437 2093 508 2144 sitim
528 2108 578 2144 non
597 2092 759 2162 ignorabant,
777 2104 952 2148 occurrerent.
988 2096 1040 2155 Qui

128 2185 191 2220 curn
213 2167 238 2217 in
258 2181 348 2232 regern
368 2162 528 2230 incidissent,
549 2160 616 2212 alter
640 2178 674 2214 ex
695 2162 741 2230 eis,
763 2171 821 2228 utre
841 2165 963 2233 resoluto,
985 2183 1040 2235 vas,

117 2234 199 2304 »quod
211 2233 290 2288 simul
302 2232 411 2300 ferebat,
425 2231 525 2300 implet,
540 2229 674 2298 porrigens
690 2232 753 2298 regi.
790 2232 838 2286 Ille
850 2235 947 2303 accipit
955 2251 963 2302 3
981 2251 1040 2304 per·

129 2314 250 2358 conlatus
262 2303 360 2372 quibus
371 2318 469 2370 aquam
481 2308 621 2368 portarent,
635 2299 697 2354 filiis
710 2301 777 2367 ferre
790 2305 933 2370 cognoscit.
963 2304 1038 2356 Tunc

129 2374 223 2444 poculo
243 2372 328 2442 pleno,
348 2371 414 2424 sicut
434 2369 554 2424 oblatum
575 2378 624 2438 est,
643 2370 753 2440 reddito,
772 2373 831 2424 Neo
848 2373 927 2443 solus,
946 2373 1039 2442 inquit,

129 2444 220 2496 bibere
233 2443 357 2502 sustineo,
371 2457 421 2492 nec
439 2449 493 2494 tam
512 2440 638 2509 exiguum
656 2441 776 2492 dividere
787 2442 912 2496 omnibus
923 2459 1040 2512 possum.

130 2514 183 2566 Vos
191 2514 295 2580 currite,
306 2520 332 2562 et
346 2511 435 2563 liberis
444 2510 545 2577 vestris,
556 2509 627 2578 quod
639 2517 743 2578 propter
754 2510 813 2562 illos
824 2512 955 2580 attulistis,
966 2511 1039 2564 dats.

165 2588 206 2634 21.
225 2581 345 2634 Tandem
366 2580 399 2632 ad
420 2579 522 2632 flumen
544 2581 631 2632 Oxum
654 2578 710 2648 ipse
734 2581 853 2648 pervenit
877 2582 963 2649 prima
984 2581 1040 2634 fere

131 2669 250 2720 vespera.
286 2650 337 2703 Sed
356 2649 492 2701 exercitus
507 2665 604 2716 magna
622 2664 683 2715 pars
699 2665 751 2700 non
763 2656 883 2717 potuerat
896 2651 1038 2718 consequi:

131 2722 155 2772 in
169 2721 240 2772 edito
252 2729 341 2772 monte
356 2719 430 2786 ignes
447 2715 520 2786 jubet
539 2717 603 2784 fieri,
618 2724 646 2768 ut
662 2717 687 2784 ii,
700 2717 745 2786 qui
758 2734 837 2784 aegre
850 2718 1037 2789 sequebantur,

131 2790 198 2841 baud
218 2789 312 2858 procui
326 2789 421 2839 eastris
438 2788 520 2856 ipsos⁵
530 2786 624 2838 abesse
637 2795 834 2854 cognoscerent.
874 2787 930 2840 Eos
939 2796 1038 2858 autern,

160 2937 167 2958 ¹
179 2931 233 2978 Tlre
244 2929 332 2990 feeling
343 2929 394 2976 that
406 2927 473 2976 there
485 2943 535 2975 was
548 2943 578 2974 no
588 2927 726 2986 possibility
736 2927 764 2975 of
775 2928 900 2992 obtaining
911 2939 987 2980 water
997 2947 1039 2981 ex-

130 2989 193 3036 cited
205 2989 284 3044 thirst,
298 2987 378 3036 before
391 2988 408 3034 it
419 2987 500 3035 would
511 2988 572 3034 have
584 3002 651 3034 corne
663 3003 694 3034 on
705 2987 831 3048 naturally.

158 3059 168 3083 ²
180 3059 186 3079 ⁴
196 3053 277 3100 When
289 3053 329 3099 the
341 3053 384 3112 dry
396 3052 454 3100 sand
466 3054 495 3099 be
514 3053 585 3099 insto
596 3051 668 3120 gluw,
680 3052 737 3099 then
746 3051 888 3114 everything
899 3055 949 3110 (tha
961 3056 1039 3106 whole

131 3112 292 3170 armosphere)
304 3112 324 3158 is
336 3111 438 3169 patched
450 3127 476 3158 us
488 3068 512 3157 il
519 3113 552 3170 by
563 3127 577 3158 a
588 3111 664 3171 srngle
676 3111 809 3160 connected
818 3111 906 3161 fleme!

159 3176 258 3239 'Ipsius
271 3176 351 3224 would
364 3177 423 3224 have
435 3178 496 3224 been
508 3177 557 3225 lass
573 3177 716 3238 ambiguous
727 3193 736 3234 3
751 3180 792 3226 but
805 3178 885 3228 where
897 3179 965 3228 thera
977 3179 997 3228 is
1008 3195 1040 3229 no

132 3235 180 3284 fear
191 3235 219 3284 ol
231 3235 372 3295 ambiguity,
386 3237 436 3296 ejus
448 3235 493 3284 and
504 3238 545 3284 sui
554 3252 594 3284 ars
605 3235 727 3298 generally
739 3237 806 3294 used,
819 3249 859 3286 not
872 3241 955 3300 ipsias.

160 3303 201 3348 ‘A
213 3316 271 3360 very
283 3316 394 3348 common
409 3301 587 3350 construction:
605 3302 675 3350 ambi
689 3318 763 3363 regem
777 3305 873 3351 orabunt
885 3302 1040 3362 (description

131 3359 320 3472 pfssrpsndnring
328 3366 409 3414 state),
419 3377 469 3408 cam
475 3363 659 3417 denominant,
668 3371 857 3411 oroscarreraat.
882 3361 929 3410 See
939 3361 1039 3422 Zumpt,

162 3483 203 3532 ‘It
214 3483 291 3594 might
302 3483 355 3532 also
365 3482 426 3532 have
437 3484 499 3532 been
509 3501 541 3532 re.

238 3550 249 3596 1
598 3561 608 3598 1
632 3567 639 3572 ·
