2314 3886
160 175 238 230 Ι212
449 189 488 228 ua
513 189 619 228 easrrs
642 185 815 226 nuaxsnnar

180 301 213 350 ad
237 299 337 349 llurntm
357 297 442 350 Oxum
463 305 618 366 perventum
645 305 693 347 est.
730 295 788 362 llic,
809 293 871 364 quia
890 291 990 346 limum
1016 294 1101 360 vehit,

181 367 302 420 turbidus
321 383 433 434 semper,
454 365 593 418 insalubris
611 374 651 415 est
670 364 748 432 potui.
787 363 877 432 ltaque
898 371 999 430 puteos
1019 363 1102 416 miles

181 447 303 503 coeperat
329 435 424 488 fodere.
462 435 520 487 Nec
545 444 633 486 tamen
658 434 739 485 humo
762 432 816 484 alle
840 441 933 499 egesta
959 433 1101 485 existebat

181 505 291 574 humor,
311 507 381 556 cum'
401 506 425 557 in
446 504 501 572 ipso
520 502 689 555 tabernaculo
707 502 776 570 regis
794 509 954 569 conspectus
969 513 1016 553 est
1033 502 1100 568 fons,

182 591 261 695 pacm
292 576 355 643 quia
384 573 457 626 tarde
488 581 648 640 notaverant,
680 571 765 622 subito
796 571 915 623 extitisse
949 571 1100 624 finxerunt.

205 659 290 711 exque
305 645 360 713 ipse
374 642 444 695 credi
458 641 546 709 voluit,
560 642 669 694 deorum
683 641 781 691 donum
794 641 821 694 id
834 640 925 692 luisse.
958 640 1102 708 Superatis

183 711 280 764 deinde
301 713 423 764 amnibus
441 711 513 764 Ocho
533 719 560 762 et
580 711 643 779 Oxo,
666 709 698 761 ad
724 709 818 762 urbem
841 709 1017 776 Marganiam
1044 727 1100 778 per-

182 782 262 834 venit.
298 781 374 835 Circa
387 798 447 835 eam
461 780 495 832 Vl
508 779 611 848 oppidis
623 778 768 831 condendis
780 779 865 830 electa
878 778 960 830 sedes
972 791 1035 832 est:
1050 779 1101 830 duo

182 851 216 902 ad
238 851 381 904 Meridiem
401 865 484 914 versa,
506 858 627 918 quattuor
647 847 794 917 spectantia
815 847 960 914 Orientem,
980 849 1101 900 modicis

183 921 250 972 inter
269 937 297 970 se
317 919 409 988 spatiis
427 917 567 986 distabant,
587 933 620 968 ne
639 917 730 988 procul
749 916 922 985 repetendum
944 930 1023 969 esset
1045 935 1100 970 mu-

184 999 258 1042 tuum
277 989 414 1042 auxilium.
452 988 524 1039 Haec
549 987 638 1038 omnia
665 987 715 1040 sita
741 994 801 1037 sunt
828 987 855 1038 in
876 984 956 1038 editis
973 986 1099 1052 collibus,

184 1069 239 1111 tum
254 1059 325 1109 velut
339 1057 403 1109 freni
417 1056 575 1109 domitarum
588 1057 716 1125 gentium,
730 1072 800 1108 nunc
812 1055 917 1124 originis
933 1071 1004 1107 suae
1017 1056 1101 1108 oblita

185 1128 310 1192 serviunt,
324 1126 420 1194 quibus
433 1127 637 1194 imperaverunt.

219 1201 260 1248 dl.
281 1197 313 1248 Et
337 1207 426 1247 cetera
449 1193 558 1262 quidem
582 1197 723 1263 pecaverat
750 1211 804 1245 rex.
839 1193 900 1247 Una
925 1203 985 1244 erat
1016 1205 1100 1262 petra,

184 1282 266 1333 quam
285 1266 424 1318 Arimazes
449 1263 595 1331 Sogdianus
618 1281 681 1316 curn
704 1264 775 1316 XXX
798 1262 906 1314 milibus
931 1273 1101 1316 armatorum

185 1334 328 1396 obtinebat,
342 1333 475 1384 alimentis
493 1341 554 1384 aute
573 1333 713 1400 congestis,
733 1349 802 1402 quae
822 1341 910 1383 tantae
929 1332 1102 1384 multitudini

185 1403 239 1454 vel²
258 1420 303 1470 per
320 1402 457 1454 biennium
476 1411 655 1470 suppeterent.
692 1403 768 1454 Petra
789 1401 814 1452 in
835 1400 1009 1454 altitudinem
1031 1404 1103 1454 XXX

186 1473 286 1524 eminet
299 1470 390 1539 stadia,
400 1472 508 1523 circuitu
522 1471 580 1522 Cet
594 1471 614 1522 L
627 1471 817 1539 complectitur.
853 1470 978 1539 Undique
993 1471 1104 1523 abscisa

186 1549 212 1592 et
233 1540 344 1610 abrupta
363 1541 458 1592 semita
479 1537 636 1608 perangusta
655 1539 751 1592 aditur.
789 1539 817 1591 ln
839 1539 927 1592 medio
946 1539 1103 1592 altitudinis

186 1611 270 1680 spatio
296 1609 375 1662 habet
399 1625 517 1679 specum,
545 1608 621 1678 cujus
644 1626 674 1661 os
696 1619 783 1661 artum
813 1619 839 1660 et
869 1608 1018 1662 obscurum
1044 1621 1102 1675 est,

186 1679 313 1750 paulatim
339 1679 435 1731 deinde
460 1679 581 1730 ulteriora
605 1679 771 1748 panduntur,
798 1678 893 1730 ultima
917 1678 1004 1730 etiarn
1031 1678 1101 1730 altos

186 1765 306 1800 recessus
325 1747 442 1800 haberit.³
478 1747 574 1800 Fontes
586 1763 632 1816 per
643 1756 726 1800 totum
740 1747 795 1799 sere
814 1748 930 1816 spatium
949 1760 1075 1816 manant,
1089 1767 1103 1800 a

186 1817 282 1887 quibus
305 1818 416 1869 collatas
440 1833 526 1885 aquas
550 1833 597 1886 per
615 1833 694 1886 prona
712 1817 809 1868 montis
833 1815 931 1868 flumen
957 1817 1100 1870 emittunt.

186 1887 249 1955 Rex,
270 1886 318 1939 loci
337 1887 494 1940 difficultate
517 1895 645 1956 spectata,
664 1894 791 1938 statuerat
810 1885 980 1952 indentes,
1001 1888 1103 1954 cupido

185 1955 283 2009 deinde
309 1957 415 2009 incessit
439 1957 546 2025 animo,⁴
569 1963 690 2007 naturam
714 1971 820 2024 quoquo
845 1954 980 2015 fatigandi.
1007 1957 1104 2008 ·Prius

186 2037 274 2078 tamen
294 2043 375 2094 quam
394 2026 525 2077 fortunam
543 2025 686 2078 obsidionis
703 2025 871 2093 experiretur,
885 2024 996 2091 Cophen
1011 2027 1103 2094 (Arta-

186 2095 246 2146 bazi
259 2094 302 2145 hic
315 2095 385 2147 lilius
397 2095 464 2164 crat)
477 2095 549 2146 misit
561 2094 595 2146 ad
613 2093 743 2162 barbaros,
758 2093 803 2162 qui
821 2093 952 2160 suaderet,
966 2103 998 2145 ut
1018 2095 1104 2148 deds-

187 2171 243 2215 rent
258 2179 358 2230 rupem.
395 2165 533 2216 Arimazes
544 2163 601 2216 loco
617 2163 700 2214 fretus
718 2163 831 2231 superba
849 2161 932 2218 multa
951 2166 1103 2232 respondit,

185 2231 219 2283 ad
241 2231 372 2298 ultimum,
385 2249 419 2284 an
432 2232 582 2284 Alexander
594 2232 682 2284 volare
702 2232 812 2300 possetl
831 2232 982 2296 interrogat.
1024 2233 1103 2291 Quae

187 2301 306 2352 nuntiata
320 2301 373 2368 regi
386 2302 424 2353 sic
436 2301 581 2352 accendere
593 2301 720 2368 animum,
734 2312 763 2353 ut
774 2300 907 2368 adhibitis,
919 2317 985 2352 cum
999 2303 1103 2370 quibus

188 2369 337 2421 consultare
361 2378 415 2421 erat
439 2369 537 2438 solitus,
562 2369 689 2422 indicaret
712 2369 878 2423 insolentiam
901 2369 1018 2438 barbari,
1046 2373 1104 2424 elu-

186 2437 274 2491 dentis
286 2440 363 2561 ipsos,
377 2439 439 2507 quia
459 2439 552 2508 pinnas
571 2455 622 2491 non
642 2438 779 2491 haberent.
815 2439 848 2491 Sa
866 2449 957 2490 autern
975 2441 1104 2507 proxima

187 2518 263 2562 nocte
276 2526 291 2560 e
313 2521 440 2576 acturum,
455 2517 482 2560 ut
494 2509 612 2560 crederet
625 2507 789 2561 Macedones
801 2508 883 2560 etiam
895 2507 997 2560 volare.
1038 2511 1104 2562 Tre·

186 2588 285 2646 centos,
300 2579 390 2648 inquit,
404 2578 610 2648 pernicissimos⁵
625 2577 737 2646 juvenes
758 2594 792 2630 ex
811 2578 865 2630 suis
885 2577 1001 2646 quisque
1016 2580 1105 2648 copiis

186 2649 323 2718 perducite
343 2647 376 2700 ad
396 2665 447 2715 me,
461 2649 506 2716 qui
525 2665 571 2716 per
591 2647 672 2700 calles
691 2656 718 2700 et
730 2663 815 2715 paena
828 2646 912 2700 invias
924 2653 1009 2715 rupes
1028 2648 1105 2701 domi

186 2735 281 2786 pecora
293 2735 372 2786 agere
384 2726 583 2770 consueverant.
619 2717 659 2768 Illi
673 2724 835 2785 praestantes
847 2727 873 2767 ct
885 2715 997 2768 levitate
1011 2735 1106 2787 corpo-

189 2804 245 2838 rum
259 2798 285 2839 et
297 2787 388 2839 ardore
401 2788 548 2840 animorum
561 2795 667 2838 strenue
679 2785 822 2853 adducunt,
836 2801 902 2853 quos
920 2785 1034 2839 intuens
1047 2804 1104 2856 rex,

186 2854 339 2924 Vobiscum,
360 2855 452 2926 inquit,
466 2873 481 2907 o
497 2855 610 2924 juvenes
628 2865 653 2907 et
671 2855 726 2906 mei
743 2853 876 2924 aequales,
890 2854 1001 2908 urbium
1021 2857 1107 2910 invic-

187 2931 273 2976 tarum
285 2934 347 2977 ante
360 2925 524 2977 munimenta
536 2924 665 2994 superari,
678 2922 810 2976 muntium
826 2922 890 2992 juga
908 2926 1024 2993 perenni
1044 2928 1106 2979 nive

339 3024 379 3028 -.,.
387 3021 503 3028 ...ψη-Ἀ*

219 3065 225 3086 ¹
238 3059 357 3119 Compare
369 3071 433 3116 note,
447 3061 487 3108 vii.
499 3065 535 3108 20.

215 3119 271 3166 'Aa
283 3129 308 3166 to
319 3120 360 3167 tlrc
372 3137 414 3168 use
426 3119 453 3168 cs
465 3123 509 3174 uel,
520 3135 561 3166 see
573 3119 670 3178 Zumpt,
685 3119 759 3171 b734.

216 3177 358 3238 ²Literally,
374 3179 419 3226 ‘its
430 3177 533 3226 furthest
544 3190 609 3236 parts
625 3178 685 3226 have
702 3194 763 3226 even
774 3179 834 3239 desp
846 3194 956 3228 recesses
967 3180 984 3237 ;'
1000 3182 1059 3230 that
1076 3185 1105 3238 is,

189 3241 228 3286 ‘at
238 3237 268 3284 its
277 3238 388 3285 extremit
389 3253 407 3342 p
414 3237 481 3284 there
491 3253 530 3284 are
539 3252 647 3285 recesses
657 3237 736 3286 which
746 3253 790 3286 run
798 3237 834 3287 sar
842 3238 892 3285 into
901 3238 942 3286 tho
953 3243 1105 3291 mountain!

187 3293 353 3402 a,1⁴dlp6pnight
374 3311 425 3342 aso
446 3294 507 3342 hova
528 3297 591 3343 been
608 3296 650 3343 tha
666 3297 811 3345 accusative.
843 3297 890 3346 See
909 3297 992 3346 Grani.
1013 3301 1108 3353 bb'250

218 3411 281 3460 'Sec
292 3421 349 3460 note
359 3411 400 3460 rii.
412 3415 449 3459 32.
