2438 3886
538 285 629 323 araon
649 285 688 323 tv.
1025 273 1060 324 53

153 393 206 447 'has
223 400 268 445 aut
288 389 349 445 illae
385 402 455 444 artes
473 393 564 458 secuta
580 410 649 445 nunc
668 393 860 462 Spartanorum,
881 411 950 446 nuno
970 395 1061 447 Mace·

156 463 255 515 donum
268 463 353 532 praesi
375 461 408 513 iis
419 462 624 531 occupabantur.
661 463 712 514 Sed
725 463 822 516 leviora
836 464 903 515 inter
916 464 973 515 illos
985 464 1061 516 fuere

156 533 325 600 ‹liserimina‚¹
346 547 426 583 unum
446 543 588 600 certamen,
610 549 642 584 ex
662 549 713 600 quo
733 542 821 586 cetera
845 533 1002 602 pendebant,
1024 535 1061 586 in·

157 611 248 654 tuente
267 601 379 654 fortuna.
420 626 421 630 ¹
1007 644 1010 650 .

191 677 215 723 7.
234 673 293 724 Jarn
312 679 366 722 tota
384 669 466 738 Syria,
486 668 540 736 jam
561 669 692 722 Phoenice
714 687 826 739 quoque,
848 681 961 740 excepta
981 673 1059 742 Tyro,

156 741 335 793 Macedonum
349 749 412 804 erat,
428 739 595 807 habebatque
609 757 653 790 ron·
670 753 754 791 castra
767 741 792 792 iu
805 741 957 806 continenti,
971 757 986 792 a
998 741 1061 810 quo²

156 810 250 862 urbem
265 818 406 877 angustum
421 807 515 860 lretum
536 808 644 860 dirimit.
680 809 771 879 Tyros,
786 820 812 860 et
833 811 1012 876 magnitudine
1034 820 1060 864 et

157 879 275 933 claritate
287 888 349 930 ante
362 894 454 929 omnes
468 877 547 928 urbes
559 877 649 946 Syriae
661 878 858 946 Phoenicesque
873 880 1058 949 memorabili«,

156 948 261 1000 facilius
285 947 439 998 societatem
465 946 608 998 Alexandri
632 956 772 1015 acceptura
797 949 955 1014 videbatur,³
978 965 1059 1016 quarn

156 1017 307 1086 imperium.
344 1017 469 1068 Coronam
491 1016 566 1082 igitur
578 1033 687 1067 auream
700 1017 796 1069 donum
805 1016 891 1076 locut
902 1017 1058 1086 afferebant,

155 1099 374 1154 commeatusque
397 1086 467 1150 large
488 1095 514 1136 et
536 1084 699 1164 hospitaliter
720 1103 753 1138 ex
774 1071 868 1156 oppido
887 1087 1059 1139 advexerant.

156 1156 204 1208 llle
217 1157 292 1222 dona,
307 1167 333 1206 ut
347 1155 494 1222 chemicis,
509 1154 591 1222 accipi
609 1154 691 1224 jussit.
706 1155 872 1225 benigneque
887 1156 986 1222 legatos
997 1155 1060 1208 allo·

157 1234 242 1294 cutus,
265 1225 379 1290 Herculi,
401 1241 480 1292 quem
505 1225 645 1292 praecipue
669 1224 740 1292 Tyrii
766 1226 889 1293 colerent,
912 1225 1060 1278 sacrificare

156 1294 228 1346 velle
240 1312 267 1346 se
280 1293 360 1346 dixit:
380 1293 559 1345 Macedonum
575 1311 649 1360 reges
669 1294 784 1362 credere,
799 1295 833 1346 ab
852 1295 897 1346 illo
919 1295 969 1346 deo
991 1297 1060 1364 ipsos

158 1379 243 1431 gertus
256 1363 360 1430 ducere,
371 1381 400 1415 se
413 1379 475 1413 vero
491 1365 528 1414 n!
538 1363 564 1414 id
585 1361 683 1414 laceret
704 1364 785 1415 etiarn
805 1365 910 1416 oraculo
922 1365 1060 1416 monitum.

158 1433 248 1500 Legati
269 1433 433 1500 respondent,
447 1449 506 1483 esse
526 1431 655 1499 templum
675 1431 794 1484 Herculis
815 1445 888 1486 extra
911 1434 1011 1500 urbem,
1034 1434 1061 1485 in

158 1519 191 1554 ea
203 1502 274 1568 sede,
285 1519 365 1571 quam
380 1502 534 1570 Palaetyron
549 1502 596 1570 ipsi
610 1511 703 1552 vocent
714 1503 731 1552 :⁴
744 1503 778 1554 ibi
794 1521 881 1570 regem
894 1503 944 1554 deo
958 1519 1060 1555 sacrum

159 1571 205 1624 rite
219 1571 359 1624 factorum.
384 1571 442 1623 Nou
456 1571 537 1622 tenuit
552 1571 624 1637 iram,
635 1570 825 1640 cujusalioqui⁵
834 1581 985 1642 potens‘uon
995 1580 1060 1624 erat.

157 1641 258 1708 ltaque,
270 1658 314 1692 vos
324 1639 438 1708 quidem,
450 1641 541 1708 inquit,
553 1639 649 1691 fiducia
662 1639 719 1705 loci,
730 1641 798 1708 quod
813 1641 926 1694 insulam
940 1641 1060 1709 incolitis,

121 1715 129 1721 ’
158 1711 307 1779 pedestrem
326 1709 396 1760 hunc
415 1710 561 1760 exercituin
581 1708 717 1777 spernitis:
740 1710 785 1761 sed
799 1711 872 1762 brevi
885 1711 1022 1764 ostendam
1035 1711 1061 1762 in

157 1779 300 1830 continenti
316 1796 361 1830 vos
373 1795 440 1830 esse.
477 1777 590 1830 Proinde
609 1779 697 1830 sciatis
709 1779 777 1847 licet,
791 1789 836 1830 aut
850 1779 1005 1838 intraturum
1017 1795 1061 1831 me

157 1849 258 1916 orbem,
272 1857 316 1899 aut
329 1857 548 1916 oppugnatorum.
586 1847 652 1900 Cum
670 1847 718 1899 hoc
738 1865 860 1916 responso
872 1847 995 1900 dimissos
1008 1864 1062 1900 mo·

158 1934 219 1969 nere
232 1916 326 1968 amici⁶⁴
334 1925 482 1984 coeperunt,
498 1924 525 1966 ut
540 1923 636 1982 regem,
651 1933 731 1982 quem
744 1917 825 1984 Syria,
839 1933 918 1984 quem
931 1917 1062 1969 Phoenice

158 1986 370 2055 recepissetpipsi
383 2002 487 2054 quoque
501 1985 594 2036 orbern
609 1985 701 2048 intrare
715 1993 872 2052 paterentur.
901 1985 991 2054 Atilii,
1006 1985 1062 2038 loco

157 2055 223 2108 satia
235 2055 282 2122 fisi,
296 2054 459 2106 obsidionem
476 2053 541 2104 serre
554 2053 733 2106 decreverant.

174 2129 216 2176 ’8.
236 2125 359 2243 Namque
373 2124 464 2176 urbem
477 2139 494 2174 a
506 2121 648 2174 continenti
667 2133 777 2190 quatuor
795 2123 937 2176 stadiorum
958 2123 1064 2176 fretum⁷

158 2193 266 2244 dividit:
287 2199 306 2244 A
324 2193 385 2243 rico⁸
403 2193 520 2244 maxime
540 2191 681 2260 objectum,
696 2193 801 2244 crebros
818 2211 850 2246 ex
863 2193 915 2244 alto
928 2193 1024 2247 fluctus
1037 2193 1062 2246 in

158 2261 219 2314 litos
231 2261 336 2313 evolvit.
373 2263 431 2313 Neo
450 2259 602 2329 accipiendo
620 2261 712 2328 operi,9
730 2280 781 2331 quo
800 2263 964 2315 Macedones
982 2263 1064 2314 conti-

158 2331 231 2383 nenti
250 2331 362 2382 insulam
380 2330 489 2399 jungere
508 2331 642 2398 parabant,
656 2331 799 2410 quicquam
818 2333 902 2398 magis
920 2349 999 2400 quam
1021 2331 1065 2384 ille

159 2409 252 2452 ventus
270 2400 400 2452 obstabat.
437 2399 540 2468 Quippe
559 2400 602 2450 vix
622 2399 672 2450 lent
693 2412 719 2451 et
738 2401 876 2468 tranquillo
895 2403 960 2453 meri
981 2401 1066 2453 moles

157 2471 221 2536 agi¹⁰
232 2458 347 2538 possedi,
358 2468 463 2520 Africus
474 2485 534 2518 vero
548 2469 630 2536 prima
639 2485 760 2538 quaeque
769 2469 893 2536 congesta
906 2469 982 2538 pulsu
997 2469 1066 2522 illisa

189 2567 306 2635 ¹llattles‚
321 2566 378 2612 with
391 2566 453 2634 their
464 2566 559 2634 various
576 2566 680 2622 results;
697 2565 733 2613 sor
743 2569 867 2615 discrimen
879 2567 899 2614 le
911 2580 952 2614 not
963 2583 978 2614 e
989 2567 1065 2616 battle

158 2625 824 2751 by*llllrerlllabelttslithltlhtldllrhechfflrhoahddlirddllhhmetimes
835 2683 957 2731 feminine.
984 2684 1012 2731 In
1024 2683 1065 2734 tlte

158 2743 246 2792 former
257 2759 311 2792 case
324 2759 360 2789 we
372 2742 459 2801 supply
469 2759 534 2801 ager,
548 2758 572 2788 rn
584 2743 624 2789 the
636 2743 707 2789 latter
718 2752 788 2791 terra.

171 2808 196 2908 h'
207 2811 212 2829 ¹
222 2801 443 2908 §egmeddispoeed
451 2797 530 2848 rather
538 2813 562 2848 to
569 2812 652 2860 accept
661 2801 689 2848 ol
696 2817 726 2849 an
735 2802 835 2849 alliance
845 2801 905 2850 with
914 2801 1064 2859 Alexander,

159 2874 226 2915 ton,
279 2877 299 2909 c.

188 2926 196 2948 ⁴
207 2921 247 2968 On
258 2921 298 2968 tlte
310 2919 465 2974 continent,a
476 2917 522 2966 few
535 2919 605 2967 miles
616 2919 688 2968 south
699 2919 761 2968 from
774 2919 814 2967 the
825 2920 875 2979 city
884 2935 915 2966 on
926 2919 966 2967 the
978 2919 1064 2968 island.

189 2987 197 3010 ⁵
209 2980 252 3026 ‘ln
263 2979 332 3026 other
343 2978 545 3026 circumstances)
575 2978 623 3026 For
633 2978 674 3025 the
685 2977 813 3026 difference
825 2980 935 3027 between
945 2981 1007 3027 aliar
1018 2979 1066 3028 end

159 3039 195 3086 cl'
223 3036 508 3096 ut,seeztrmpr‚t27⁵.

187 3103 196 3126 ⁸
233 3097 263 3144 he
274 3095 377 3150 officere.
390 3095 514 3154 probably,
528 3095 555 3142 os
563 3095 603 3142 the
615 3096 657 3144 hin
675 3097 697 3143 's
708 3095 771 3144 stell.

188 3160 197 3182 ³
210 3157 248 3202 ‘A
260 3155 327 3202 etrait
339 3153 366 3201 cs
377 3153 430 3202 four
440 3153 524 3202 stadia'
538 3155 569 3210 (in
583 3155 664 3202 breadt
683 3161 698 3207 ).

188 3214 263 3262 ⁸Tne
280 3212 425 3262 scoth-west
438 3212 516 3270 wind;
535 3213 578 3262 Gr.
591 3219 646 3274 Atys.
678 3214 732 3263 The
748 3214 820 3262 south
836 3215 901 3264 wind
917 3216 938 3264 ie
953 3215 1062 3272 Ausim

161 3273 203 3321 Gr.
216 3281 296 3325 meost
313 3271 355 3319 the
367 3271 502 3320 south-east
514 3271 578 3319 wind
594 3271 743 3330 Vulturnum
763 3273 805 3321 Gr.
818 3278 941 3339 noptvms.

188 3337 196 3361 ⁸
207 3331 255 3380 For
266 3331 307 3378 the
319 3331 386 3397 strait
397 3333 561 3392 accipereopoc
573 3331 593 3378 is
604 3331 693 3390 simply
704 3342 729 3379 to
744 3333 837 3380 receive
853 3333 894 3380 the
910 3331 974 3382 mole
990 3331 1015 3380 in
1030 3332 1061 3381 ite

158 3392 253 3446 bosom,
264 3400 290 3438 to
300 3397 386 3450 permit
397 3389 438 3436 tlre
447 3389 515 3437 work
526 3400 550 3438 to
561 3392 591 3438 be
602 3389 693 3439 carried
704 3406 742 3438 on.

159 3447 293 3560 offlam
304 3457 420 3511 agontur,
435 3448 491 3496 ‘the
504 3463 598 3498 messes
609 3449 645 3505 (of
652 3459 721 3498 stone
737 3465 763 3500 or
773 3450 850 3506 earth)
861 3465 900 3498 cre
911 3449 1005 3510 pushed
1015 3448 1062 3500 lor·
