2314 3886
46 577 54 586 '
105 568 189 620 terma
213 585 296 620 secun

473 251 564 296 araas
584 253 652 292 vm.-
955 239 1012 294 237

105 368 192 412 semet
209 358 315 428 objecit,
332 358 459 426 vultuque
479 370 505 411 et
526 360 609 412 oculis
623 370 724 414 motum
743 361 903 431 praeferens¹
922 360 1012 432 animi,

106 439 132 480 ut
157 428 254 481 rediret
277 429 303 480 in
327 429 479 481 convivium
503 430 619 482 monuit:
645 439 672 482 et
691 430 736 482 illc
757 448 803 498 per
823 429 923 499 ludum,
945 431 1013 482 bene

104 501 170 550 ‹l'eos
193 499 305 550 suadere
333 498 473 567 respondit,
493 501 675 568 revocatisque
689 501 788 563 amicis
806 500 830 551 in
851 501 941 552 horam
960 499 1014 552 diei

297 537 360 620 dam
385 569 498 620 convivii
528 579 633 637 tempus
662 572 782 622 extraxit.
828 569 889 621 Jam
912 569 955 620 alii
980 587 1014 622 err

105 639 211 690 cohorte
229 637 256 688 in
274 637 414 688 stationem
432 647 622 706 successerant,
635 648 697 690 ante
715 638 828 690 cubiculi
847 637 917 690 fores
935 656 1013 692 excu-

105 707 192 775 bituri,
205 706 294 758 adhuc
307 715 395 758 tamen
409 705 537 775 conjurati
550 707 662 775 stabant,
675 708 734 759 vice
747 708 826 760 officii
839 707 878 759 sui
893 709 1013 776 expleta,

104 777 171 827 adeo
184 777 305 844 pertinax
317 793 378 844 spes
391 785 438 842 est,
453 793 532 843 quam
546 776 678 827 humanae
697 787 802 828 mentes
814 775 1013 829 devoraverunt.

104 847 162 897 Rex
175 846 313 914 benignius
324 861 404 914 quam
416 845 483 914 alias
494 845 631 912 allocutus,
645 844 782 897 discedere
795 862 840 896 eos
852 845 885 896 ad
899 847 1014 898 curanda

104 931 219 983 corpora,
241 914 366 983 quoniam
388 923 441 965 tota
461 924 537 966 nocte
557 915 738 984 perstitissent,
756 914 839 984 jubet.
876 915 942 966 Data
963 916 1013 966 sin-

103 983 174 1051 gulis
197 985 387 1052 quinquaginta
411 984 550 1052 sestertia,²
574 983 737 1052 collaudatis,
759 983 828 1054 quod
852 984 933 1035 etiam
957 985 1015 1036 aliis

105 1053 200 1104 tradita
214 1053 281 1122 vice,
294 1061 384 1104 tamen
397 1053 528 1104 excubare
541 1063 761 1122 perseverassent.

18 1161 19 1174 2
141 1127 182 1176 23.
202 1121 241 1173 llli
254 1131 325 1174 tanta
344 1139 391 1190 spe
409 1122 526 1174 destituti
546 1122 648 1174 domos⁸
664 1122 771 1175 abeunt.
808 1123 841 1176 Et
859 1122 939 1174 ceteri
957 1122 1014 1191 qui·

17 1233 19 1262 ζ
100 1190 167 1252 ,dem
192 1191 367 1260 expectabant
391 1193 517 1244 stationis
533 1209 597 1244 snae
627 1202 747 1244 noctem:
780 1191 933 1260 Epimenes,
959 1193 1014 1242 sive

104 1263 230 1313 comitate
243 1261 320 1328 regis,
333 1277 386 1328 qua
398 1261 485 1329 ipsura
498 1261 565 1314 inter
578 1260 725 1328 conjuratos
743 1270 883 1330 exceperat
908 1271 1014 1330 repente

104 1339 228 1399 mutatus,
248 1331 304 1382 sive
323 1330 386 1398 quia
403 1331 503 1400 coeptis
521 1329 585 1382 deos
602 1331 706 1382 obstare
725 1329 858 1396 credebat,
878 1301 947 1381 lintri
967 1347 1014 1382 srro

105 1399 263 1469 Eurylocho,
276 1416 356 1468 quem
369 1409 447 1452 antea
463 1411 599 1469 expertem
615 1417 675 1451 esse
692 1400 794 1452 consilii
813 1400 938 1468 voluerat,
951 1401 1013 1468 quid

104 1478 247 1538 pararetur,
267 1470 358 1538 aperit.
402 1470 531 1522 Omnibus
555 1469 673 1521 Philotae
698 1470 857 1539 supplicium
882 1469 909 1520 in
932 1469 1015 1521 oculis

103 1547 169 1590 erat.
217 1539 308 1607 ltaque
332 1540 450 1607 protinus
474 1539 556 1608 injicit
581 1538 650 1590 fratri
676 1556 782 1590 manum
814 1548 839 1589 et
864 1538 887 1589 in
914 1538 1013 1605 regiam

104 1608 231 1677 pervenit,
249 1608 421 1676 excitatisque
439 1608 594 1660 custodibus
611 1609 743 1676 corporis‚⁴
761 1579 794 1658 ad
813 1606 926 1658 salutem
946 1607 1015 1674 regis

104 1679 242 1746 pertinere,
255 1693 323 1745 quae
341 1677 455 1746 afferret,
469 1677 592 1728 affirmat.
631 1677 663 1728 Et
682 1686 795 1745 tompus,
809 1693 860 1744 quo
879 1689 1012 1744 venerant,

104 1757 130 1798 et
144 1747 233 1799 vultus
245 1746 314 1798 haud
328 1763 392 1798 sane
405 1748 490 1798 securi
503 1747 583 1797 animi
597 1747 683 1813 index,
699 1756 724 1797 et
738 1744 872 1796 maestitia
884 1761 898 1794 e
912 1743 1015 1796 dnobus

103 1817 220 1884 alterius,
235 1815 418 1868 Ptolemaeum
436 1833 467 1866 ac
487 1816 649 1868 Leonnatum
670 1815 834 1867 excubantes
851 1815 884 1865 ad
898 1813 1014 1865 cubiculi

105 1887 187 1938 limen
199 1884 388 1936 excitaverunt.
425 1885 517 1952 ltaque
536 1886 634 1952 apertis
651 1883 758 1951 loribus,
773 1894 798 1935 et
817 1883 917 1935 lumine
934 1882 1013 1952 illato,
1034 1905 1037 1912 ·

105 1955 220 2023 sopitum
250 1969 322 2004 mero
346 1969 378 2003 ac
402 1969 493 2004 somno
523 1953 638 2007 excitant
669 1969 767 2020 regem.
815 1951 863 2004 Ille
886 1951 1014 2020 paulatim

105 2033 195 2074 mente
218 2022 337 2090 collecta,
363 2021 425 2090 quid
448 2021 579 2088 afferrent,
605 2023 754 2088 interrogat.
796 2021 854 2074 Nec
878 2031 1015 2072 cunctatus

106 2091 278 2160 Eurylochus,
298 2108 348 2142 non
373 2109 406 2143 ex
430 2099 482 2142 toto
503 2090 611 2142 domum
631 2107 705 2142 suam
725 2090 838 2142 aversari
857 2091 922 2142 deos
939 2090 1012 2158 dixit,

104 2161 166 2229 quia
186 2160 267 2212 frater
290 2160 378 2230 ipsius,
400 2178 561 2229 quamquam
584 2161 694 2229 impium
715 2158 819 2211 facinus
838 2177 919 2212 ausus
939 2159 1012 2227 soret,

104 2241 193 2282 tamen
218 2239 244 2281 et
267 2230 454 2298 poenitentiam
475 2229 534 2299 ejus
556 2239 654 2298 ageret,
676 2238 702 2281 et
726 2246 772 2298 per
795 2247 824 2282 se
848 2230 1012 2298 potissimum

105 2300 267 2378 profiteretur
276 2299 412 2352 indicium.
444 2299 471 2352 ln
485 2317 544 2351 eam
559 2301 644 2368 ipsam
656 2309 769 2366 noctem,
782 2316 850 2368 quae
863 2297 1012 2364 decederet,

105 2371 214 2422 insidias
225 2383 390 2438 comparatas
403 2368 483 2420 luisse
490 2388 497 2437 5
511 2379 631 2422 auctores
644 2368 749 2420 scelesti
757 2368 859 2420 consilii
870 2383 936 2435 esse,
947 2384 1013 2435 quos

104 2439 215 2492 minime
235 2439 354 2490 crederet
375 2456 428 2492 rex.
466 2439 535 2492 Tum
556 2439 700 2506 Epimenes
720 2450 816 2488 cuncta
835 2437 931 2504 ordine,
954 2453 1013 2488 con·

104 2511 271 2578 sciorumque
284 2509 389 2560 nomina
401 2508 515 2577 exponit.
553 2507 730 2560 Callisthenen
750 2523 798 2558 non
819 2515 847 2558 ut
859 2507 1012 2574 participem

104 2579 226 2632 facinoris
247 2577 411 2630 nominatum
433 2595 492 2629 esse
512 2577 655 2644 constabat,
677 2575 724 2627 sed
745 2576 851 2627 solitum
873 2591 1012 2642 puerorum

105 2646 269 2701 sermonibus
295 2647 502 2716 vituperantium
529 2646 779 2711 criminantiumque
804 2659 894 2710 regem
922 2642 1015 2693 faciles

104 2735 182 2770 aures
205 2717 340 2786 praebere.
377 2714 494 2773 Quidam
516 2714 650 2783 adjiciunt,
675 2731 737 2765 oum
763 2711 920 2764 Hermolaus
943 2713 1012 2780 apurl

105 2803 166 2838 eum
187 2803 292 2854 quoque
314 2784 481 2838 verberatum
501 2801 529 2836 se
548 2801 565 2836 a
585 2800 646 2848 rege
661 2790 821 2852 quereretur,
839 2779 936 2832 dixisse
956 2781 1013 2833 Cal-

105 2855 243 2920 listhenen,
262 2855 418 2908 meminisse
436 2854 534 2907 debere
552 2871 599 2906 eos
615 2853 671 2922 jam
690 2852 761 2904 vires
778 2867 837 2903 esse
848 2852 865 2902 :⁵
883 2849 962 2918 idque
980 2849 1014 2902 ad

134 3001 141 3022 ¹
153 2995 297 3053 Equivalent
309 3007 333 3042 to
343 3013 400 3057 prae
410 2997 532 3056 reserens,
548 2993 713 3054 ‘exhibiting.’

133 3058 206 3106 'Our
217 3061 303 3107 author
318 3060 385 3120 gives
402 3075 430 3106 us
446 3059 487 3105 the
498 3073 552 3104 sum
568 3059 592 3104 in
609 3058 704 3106 Roman
720 3071 815 3115 money.
847 3056 871 3102 A
883 3057 1015 3104 sestertium

105 3117 215 3176 equalled
225 3127 264 3166 ten
274 3118 368 3166 Roman
376 3117 432 3177 gold
439 3118 528 3176 pisces.
536 3116 615 3164 which
625 3131 687 3163 were
695 3116 722 3164 of
729 3115 811 3175 nearly
820 3115 861 3164 the
869 3129 935 3163 same
945 3112 1015 3162 velue

105 3193 131 3224 as
143 3177 184 3223 the
197 3177 279 3224 Greek
290 3177 374 3224 derics.
408 3176 556 3232 Alexander,
570 3175 697 3229 therefore,
709 3175 826 3235 probably
837 3189 898 3235 gave
914 3184 940 3221 to
955 3173 1015 3220 each

104 3251 164 3296 paga
175 3234 222 3282 five
234 3235 342 3283 hundred
353 3235 476 3296 dprics-a
486 3251 543 3294 very
554 3234 702 3294 respectable
714 3249 777 3282 aum.

133 3305 142 3328 ¹
155 3300 249 3347 ‘Home
257 3300 274 3357 ;’
285 3300 372 3354 thetis,
383 3315 456 3359 every
463 3315 509 3347 one
516 3311 541 3346 to
551 3299 588 3346 hia
597 3314 652 3346 own
659 3298 739 3356 homey
754 3299 874 3346 therefore
881 3296 923 3343 the
930 3293 1014 3354 plural.

132 3371 140 3394 r
152 3364 206 3412 The
219 3365 394 3425 σωματοφύλακες
405 3364 485 3411 whom
497 3379 533 3411 we
545 3363 606 3411 have
617 3361 721 3411 sochen
731 3361 878 3410 mentioned.

103 3429 298 3538 uniyfffessygffijw
314 3437 339 3475 to
351 3445 412 3498 ¹aare,
425 3429 499 3489 ought
512 3438 537 3476 to
548 3428 609 3477 have
625 3428 687 3476 been
703 3425 842 3488 expreaaed,
855 3427 898 3473 but
909 3425 929 3474 is
940 3422 1016 3484 easily
