2410 3890
523 241 617 282 cisra
636 242 676 283 vr.
957 283 961 302 ,
1001 227 1056 285 ltu

145 349 219 406 cidit.
255 349 334 404 Hunc
353 365 401 403 vos
421 365 531 418 regnare
555 351 708 418 patiemini.
735 368 817 420 quern
837 351 963 422 equidem
983 352 1056 406 cruci

146 419 257 473 affixum
269 420 360 472 videre
377 419 480 488 festino,
494 419 617 472 omnibus
630 421 734 487 regibus
745 422 921 490 gentibusque
939 431 966 474 et
987 422 1055 492 fidei,

146 505 227 558 quarn
251 489 366 558 violavit,
390 489 499 540 meritas
523 507 622 558 poenas
645 490 801 543 solventem.
837 493 872 543 At
898 490 1012 560 hercule,
1034 493 1057 545 si

145 575 209 612 mcx
230 561 345 612 eundem
369 559 532 611 Graecorum
554 558 632 610 urbes
655 568 700 611 aut
724 559 935 626 Hellesponturn¹
953 573 1057 615 vastare

146 628 295 682 nuntiatum
308 629 358 680 erit
371 627 452 696 vobis,
466 645 518 706 quo
530 627 619 679 dolore
631 628 793 697 afficiamini,
812 629 923 680 Bessum
939 632 1058 698 praemia

147 709 250 751 vestrae
263 698 434 766 occupavisse
447 697 590 749 varenses
626 698 704 748 Tunc
714 697 747 748 ad
762 699 919 764 repetendas
931 716 973 750 res
984 699 1058 753 sesti·

147 769 251 836 nabitis,
273 776 335 820 tunc
352 783 428 819 arma
446 767 563 835 capietis.
601 765 714 824 Quanto*
732 775 823 818 autern
843 775 966 837 praestat,
984 769 1057 822 terri·

148 845 203 890 turn
219 837 308 888 adhuc
320 846 346 888 et
359 836 404 888 vix
418 836 515 888 mentis
533 852 597 887 suae
616 844 766 904 compotem
784 837 952 904 opprimeret
988 837 1058 895 Qua-

148 906 226 958 tridni
247 905 323 957 nobis
343 905 393 956 iter
413 913 540 974 superest,
560 905 605 974 qui
626 913 662 956 tot
682 905 896 973 proculcavimus
916 907 999 975 nives,
1020 915 1057 959 tot

145 991 242 1027 amnes
271 974 462 1043 superavimus,
493 983 530 1026 tot
559 975 689 1026 montium
721 973 785 1043 juga
814 976 1056 1028 transcucurrimus.

148 1045 207 1098 Non
236 1059 311 1095 rnare
337 1043 408 1112 illud,
434 1043 504 1112 quod
534 1053 693 1096 exaestuans
716 1045 766 1095 iter
789 1044 914 1097 fluctibus
936 1053 1056 1115 occupat,

148 1122 242 1166 euntes
255 1129 301 1164 nos
313 1114 510 1181 moratur,²non
529 1113 638 1166 Ciliciae
658 1113 750 1166 fauces
770 1123 796 1165 et
816 1114 953 1182 angustiae
972 1114 1056 1167 inclu-

148 1181 229 1235 dunt:
249 1182 327 1251 plana
339 1183 466 1235 omnia-et
486 1199 566 1252 prona
585 1191 654 1235 sunt.
690 1184 719 1235 ln
742 1183 798 1252 ipso
819 1183 917 1242 limine
932 1183 1057 1236 victoriae

149 1260 260 1304 stamus.
302 1253 382 1306 Pauci
408 1251 485 1304 nobis
510 1251 614 1320 fugitivi
637 1260 664 1304 et
688 1253 851 1304 dominisui
876 1253 1058 1306 interfectores

149 1329 296 1390 supersunt.
328 1321 473 1390 Egregium
486 1320 639 1374 mehercule
651 1337 724 1390 opus,
734 1329 761 1373 et
774 1321 841 1374 inter
852 1323 950 1390 prima⁴'
958 1321 1057 1392 gloriae

150 1399 253 1442 vestrae
277 1391 478 1458 numerandum,
504 1391 648 1458 posteritati
673 1391 815 1458 famaeque
841 1391 958 1458 tradetis,
978 1392 1057 1444 Darei

149 1475 253 1530 quoqne
267 1461 354 1528 hostis,
369 1460 441 1512 finito
461 1469 519 1528 post
540 1469 653 1512 rnortem
673 1460 743 1512 illius
762 1460 828 1527 odio,
842 1461 986 1529 parricidas
998 1479 1058 1514 esse

149 1535 195 1581 vos
215 1530 290 1597 utros,
305 1531 438 1582 neminem
460 1529 571 1597 impium
594 1529 720 1597 effugisse
740 1539 842 1581 vestras
863 1547 965 1582 manus.
1002 1531 1058 1582 Hoc

148 1608 303 1668 perpetrato,
316 1607 414 1667 quanto
433 1599 542 1651 creditis
561 1599 657 1650 Persas
675 1598 893 1666 obsequentiores
913 1599 975 1666 lore,
995 1616 1056 1652 curn

148 1668 324 1721 intellexerint
342 1685 389 1720 vos
405 1668 451 1735 pia
474 1667 544 1720 bella
566 1668 709 1738 suscipere,
729 1678 755 1718 et
779 1667 854 1721 Bessi
878 1667 981 1738 sceleri,
1006 1685 1057 1722 non

148 1738 247 1790 nomini
260 1753 315 1806 suc,
329 1737 425 1790 irascil

185 1811 223 1858 10.
242 1807 352 1858 Summa
368 1805 483 1858 militurn
504 1805 647 1872 alacritate,
661 1805 819 1874 jubentium,
832 1821 990 1874 quocunque
1003 1807 1057 1859 vel·

148 1874 192 1944 let,
206 1875 311 1942 ducere,
325 1876 406 1928 oratic
419 1883 531 1943 excepta
543 1883 592 1926 est.
629 1875 687 1926 Nec
706 1889 751 1926 rex
773 1882 889 1926 moratus
909 1875 1055 1942 impetum:

148 1944 277 2012 tertioque
315 1961 344 1995 er
363 1941 520 1996 Parthienen
541 1942 585 1995 die
605 1943 638 1995 ad
659 1944 727 1995 fines
748 1943 907 2010 Hyrcaniae⁵
927 1952 1054 2014 penetrat,

148 2013 253 2064 Cratero
266 1961 356 2063 relicto
373 2029 435 2064 cum
454 2013 486 2064 iis
504 2012 593 2080 copiis,
607 2012 704 2081 quibus
723 2021 852 2080 praeerat,
866 2020 892 2063 et
913 2029 945 2063 ea
965 2029 1054 2082 manu,

148 2097 226 2148 quarn
247 2085 378 2149 Amyntas
396 2081 515 2148 ducebat,
530 2079 630 2134 additis
648 2081 782 2134 sexcentis
802 2080 936 2150 equitibus
952 2089 979 2135 et
999 2084 1055 2134 toti·

148 2149 212 2201 dem
224 2150 371 2218 sagittariis,
385 2159 413 2203 ut
425 2149 459 2200 ab
471 2149 619 2205 incursione
632 2150 802 2203 barbarorum
822 2149 980 2203 Parthienen
1002 2161 1056 2204 tue·

149 2229 226 2270 retur.
249 2220 386 2288 Erigyium
396 2219 708 2288 impedimenta,modico
736 2221 1055 2290 raesioiodarqeampoe

148 2288 179 2340 tri
194 2287 287 2340 itinere
300 2289 397 2341 ducere
417 2288 499 2358 jubet.
535 2290 596 2357 lpse
616 2307 678 2342 curn
700 2237 831 2358 phalange
843 2300 869 2343 et
882 2291 1000 2358 equitatu
1014 2291 1055 2344 CL

148 2357 233 2410 stadia
244 2375 376 2426 emensus,
390 2367 475 2410 castra
487 2358 511 2410 in
526 2358 602 2426 valle,
613 2377 666 2428 qua
678 2359 841 2428 Hyrcaniam
854 2359 972 2428 adeunt,⁶
984 2375 1055 2412 corn·

146 2428 240 2480 munit.
276 2428 380 2480 Nemus
393 2427 515 2497 praealtis
527 2426 669 2497 densisque
682 2428 820 2480 arboribus
831 2428 984 2480 umbrosum
1004 2437 1053 2497 est,

146 2500 245 2564 pingue
258 2497 335 2548 vallis
353 2495 437 2549 solum
458 2497 603 2564 rigantibus
623 2498 706 2566 aquis,
724 2513 792 2566 quae
813 2513 848 2550 cx
868 2497 949 2566 petris
969 2497 1055 2550 immi·

146 2567 270 2619 nantibus
293 2575 409 2618 manant.
454 2565 494 2618 Ex
524 2566 588 2634 ipsis
618 2565 749 2618 radicibus
779 2567 909 2618 montium
941 2566 1056 2619 Ziobetis

121 2697 125 2702 Ι
146 2637 233 2688 amnis
253 2635 406 2702 effunditur,
427 2635 473 2704 qui
494 2635 542 2686 tria
561 2634 616 2686 lere
636 2634 721 2686 stadia
740 2635 766 2687 in
787 2634 979 2702 longitudinem
1000 2634 1055 2686 uni·

94 2753 96 2760 ,
147 2721 238 2757 versus
259 2705 325 2772 fluit,
348 2703 444 2756 deinde
465 2720 535 2770 saxo,
555 2703 624 2772 quod
644 2703 776 2756 alveolum
799 2703 955 2772 interpellat,
970 2719 1055 2772 reper-

177 2855 183 2876 ¹
196 2848 312 2908 Properly
323 2847 417 2906 applied
427 2857 452 2894 tc
464 2847 505 2894 the
516 2847 592 2900 strairs
606 2847 648 2894 but
660 2846 726 2902 here,
739 2862 765 2894 as
777 2845 921 2905 frequently,
935 2847 952 2893 it
963 2846 1056 2895 is'nsed

147 2923 174 2954 as
185 2907 225 2954 the
238 2923 306 2954 nurne
319 2907 345 2954 os
358 2907 398 2954 the
410 2915 488 2954 coasts
500 2905 628 2966 adjoining.

176 2977 185 3000 ²
197 2971 232 3018 Or
242 2981 363 3032 quantum.
395 2971 441 3018 See
454 2971 550 3028 Zumpt,
564 2969 577 3020 h
588 2972 642 3025 488,
655 2979 710 3016 note
722 2974 743 3017 2.

177 3041 185 3064 ³
196 3035 233 3082 He
245 3035 319 3082 refers
330 3045 355 3081 to
366 3034 406 3082 the
417 3033 551 3082 successful
560 3035 641 3082 march
652 3033 724 3094 along
735 3033 775 3080 the
787 3043 853 3082 coast
865 3043 889 3081 to
902 3033 1054 3094 Pamphylia,

148 3111 174 3144 aa
185 3104 211 3142 tn
221 3093 301 3141 which
312 3109 353 3140 sec
364 3109 386 3140 v.
401 3098 434 3140 12.

125 3167 128 3172 '
177 3163 185 3186 ⁴
197 3156 322 3214 Literully.
338 3162 438 3217 ‘among
449 3157 490 3204 the
501 3155 551 3204 first
564 3166 628 3215 parts
639 3156 667 3205 cf
674 3172 734 3216 your
744 3158 812 3218 glory
820 3157 835 3204 ι’
847 3157 897 3204 that
909 3157 938 3213 is,
954 3163 1057 3217 ‘among
1148 3221 1152 3232 Ι

150 3232 209 3278 your
219 3227 282 3264 most
294 3215 425 3264 illustribus
436 3213 518 3271 deeds.
532 3231 592 3274 your
603 3227 664 3264 most
676 3217 781 3276 gloricus
792 3216 913 3274 exploits.‘

179 3292 221 3338 *A
233 3291 326 3339 district
340 3305 371 3337 on
381 3290 422 3337 the
434 3290 484 3338 Cas
501 3291 541 3337 ian
550 3305 577 3337 or
588 3290 723 3350 Hyrcaniae
735 3291 789 3339 Sea.
822 3291 843 3338 lt
856 3305 906 3338 was
917 3300 959 3338 not
975 3289 1000 3337 in
1015 3288 1056 3336 the

57 3337 64 3355 l
150 3351 224 3399 direct
236 3365 321 3397 conme
337 3349 364 3396 cf
376 3349 441 3396 Alex
504 3349 630 3409 rpushing
640 3349 810 3406 cruentarat-d,
822 3350 895 3410 being
911 3347 1015 3397 situated
1031 3358 1057 3396 tc

150 3410 192 3458 the
202 3409 272 3458 north
283 3408 311 3456 of
323 3407 428 3456 Parthia.

178 3479 187 3504 ⁸
200 3471 335 3533 ‘Thrcugh
346 3471 425 3520 which
437 3469 482 3520 lies
492 3471 534 3520 the
545 3485 599 3532 way
610 3483 635 3518 to
646 3472 783 3532 Hyrcania.¹
824 3487 832 3498 ¹
