2410 3890
531 257 624 298 ursan
643 258 684 298 ιι.
1024 243 1064 300 st

153 367 257 424 Deinde
270 376 371 422 tantam
383 366 582 424 multitudinem
594 365 772 420 circumfundi
789 365 959 438 paucioribus
974 381 1062 436 posse.

152 440 212 494 Non
229 439 255 490 in
268 437 378 490 Ciliciae
390 437 522 505 augustiis
539 445 566 489 et
584 435 664 488 inviis
682 436 801 506 callibus,
816 435 864 489 sed
882 436 910 489 in
927 447 1019 506 aperta
1037 445 1064 490 et

152 509 208 562 late
220 507 329 577 planitie
341 507 481 559 dimicare.¹
514 507 614 562 Omnes
631 504 687 558 fere
702 505 870 559 Parmenioni
882 505 1064 559 assentieban-

154 587 212 632 tur:
232 577 396 647 Polypercon
415 575 486 629 baud
503 573 584 628 dubie
597 575 624 628 in
637 591 669 627 eo
681 575 789 628 consilio
801 575 914 645 positam
927 575 1064 628 victoriam

153 645 335 701 arbitrabatur.
360 645 447 704 Quem
457 645 563 698 intuens
571 661 624 714 rex,
634 660 751 713 namque
760 644 971 713 Parmenionem,
982 661 1065 714 nuper

154 717 242 770 acrius
253 733 334 785 quam
347 715 438 767 rellet¹
449 715 615 784 increpitum,
628 729 718 770 rursus
734 713 864 782 castigare
883 729 934 766 nou
953 715 1064 766 sustine·

154 783 208 856 bat,
221 784 460 852 Latrunculorum‚²
472 783 564 853 inquit,
578 792 606 836 et
624 782 713 835 furum
730 783 781 836 iste
795 781 911 835 sollertia
922 791 970 850 est,
984 799 1066 903 quam

154 855 305 924 praecipitis
322 852 406 921 mihi3
427 856 525 922 quippe
544 852 648 906 illorum
667 860 759 906 votum
776 852 886 906 unicum
904 861 945 904 est
962 851 989 903 fa
1001 852 1064 904 lere.

154 925 236 980 Meae
249 940 312 976 vero
323 923 421 992 gloriae
434 938 541 991 semper
553 931 599 975 sut
611 921 760 975 absentiam
772 922 858 991 Darei,
872 929 917 974 aut
930 923 1066 990 angustias

154 994 281 1062 locorum,
300 1003 346 1045 aut
364 989 464 1045 furtum
483 994 568 1045 noctis
584 991 689 1044 obstare
707 1007 759 1044 non
776 991 876 1063 patiar:
897 989 986 1062 palam
1005 990 1065 1044 luce

154 1062 263 1132 aggredi
282 1071 385 1114 certum
398 1071 454 1114 est:
473 1061 544 1114 malo
561 1077 607 1114 me
625 1059 745 1114 fortunae
763 1059 905 1130 poeniteat,
936 1077 1000 1112 uam
1012 1059 1065 1112 ric-

155 1133 238 1186 toriae
250 1131 370 1201 pudeat.³
404 1131 446 1184 Ad
460 1129 528 1184 haec
539 1127 606 1183 illud
618 1145 723 1200 quoque
734 1129 854 1183 accedit:
871 1075 975 1199 vigiiias
986 1145 1066 1198 agere

154 1199 281 1255 barbaros
293 1209 319 1253 et
332 1201 452 1254 inarmis
465 1209 534 1253 stare
556 1209 630 1253 utne
643 1199 732 1269 decipi
747 1197 857 1270 quidem
873 1201 981 1271 possint,
995 1215 1065 1252 com·

155 1279 260 1345 partum
273 1269 367 1323 babeo.
403 1270 495 1392 Itaque
508 1239 542 1322 ad
555 1268 684 1340 proelium
697 1284 745 1322 vos
755 1276 856 1340 parate.
892 1269 934 1324 Sic
946 1270 1067 1324 incitatos

155 1340 246 1392 adcor
281 1339 447 1394 racuranda,
467 1339 559 1392 imisit.

191 1413 233 1461 ts.
295 1425 355 1461 reus
374 1407 408 1478 id,
424 1407 493 1478 quod
513 1407 652 1462 Parmenio
670 1415 796 1478 suaserat,
809 1406 916 1462 hostem
932 1407 1067 1462 facturum

155 1493 216 1532 esse
234 1477 394 1557 conjectans,
408 1479 524 1532 frenatos
542 1493 625 1548 equos
642 1485 720 1546 stare,
737 1494 917 1548 magnamque
934 1477 1067 1532 exercitus

155 1555 259 1626 partem
283 1546 415 1600 inarmis
441 1564 508 1618 esse,
533 1563 565 1600 ac
588 1547 692 1616 vigilias
718 1547 856 1600 intentiore
879 1563 943 1600 cura
966 1547 1066 1600 serrari

153 1625 283 1688 jusserat:
303 1632 365 1686 ergo
383 1617 490 1685 ignibus
507 1625 561 1670 tcta
576 1615 635 1686 ejus
647 1624 733 1671 castra
745 1615 893 1685 fulgebant.
929 1617 989 1688 lpse
1002 1633 1065 1670 cum

155 1685 271 1740 ducibus
287 1703 333 1756 pro
354 1686 494 1756 inquisque
512 1686 618 1755 agmina
630 1686 750 1739 inarmis
762 1685 890 1740 stantium
901 1686 1064 1756 circumibat,

155 1755 244 1810 Solem
263 1765 290 1808 et
341 1755 437 1808 ithren⁴
454 1771 613 1826 sacrumque
631 1767 659 1808 et
675 1765 815 1810 aeternum
828 1755 955 1809 invocans
967 1757 1064 1826 ignem,

154 1833 184 1878 ut
196 1825 250 1878 illis
260 1823 368 1894 dignam
382 1833 473 1878 vetere
509 1824 574 1878 loris
591 1823 776 1896 majorumque
794 1826 984 1879 nrouumentia⁶
996 1825 1065 1878 lorti·

155 1895 277 1948 tudinem
288 1894 453 1964 inspirarent.
485 1841 519 1948 {t
531 1893 657 1965 profecto,
671 1894 693 1947 si
705 1911 758 1964 que
769 1893 876 1948 divinae
889 1895 946 1965 opis
956 1895 1066 1963 auguria

154 1963 273 2018 humana
285 1971 377 2016 mente
389 1963 493 2034 concipi
504 1971 619 2033 possent,
628 1961 694 2016 deos
703 1973 772 2016 stare
782 1977 884 2018 secum.
914 1964 975 2016 Illos
983 1979 1067 2033 nuper

154 2033 336 2090 Macedonum
351 2033 450 2086 animis
467 2032 583 2086 subitam
601 2032 743 2086 incussisse
761 2031 932 2088 formidinem
943 2032 962 2085 :⁸
979 2032 1066 2086 adhuc

156 2102 166 2156 l
185 2102 310 2174 mphatos
327 2101 389 2156 ferri
407 2103 449 2172 agi
468 2103 523 2172 ιιθ,7
539 2117 614 2163 arma
630 2101 773 2172 jacientes:
793 2111 919 2174 expetere
931 2102 1066 2172 praesides

177 2189 298 2226 erearum
309 2171 414 2243 imperii
426 2173 460 2225 de
481 2173 532 2226 itas
544 2171 571 2224 e⁸
583 2171 742 2226 vecordibus
759 2189 866 2242 poenas.
902 2173 962 2226 Nec
979 2167 1067 2242 ipsum

155 2240 252 2296 ducem
272 2242 403 2296 saniorem
421 2257 496 2295 esse:
518 2242 617 2312 quippe
636 2241 687 2294 ritu
704 2239 819 2294 ferarum
839 2243 963 2312 praedam
977 2241 1064 2310 modo,

155 2330 218 2378 tives
228 2331 256 2378 of
263 2330 304 2378 the
315 2340 399 2379 neuter
409 2331 499 2390 plurale
508 2348 571 2380 vanc
579 2331 626 2380 and
635 2332 728 2380 ironic.
757 2331 857 2380 Curtius
865 2331 886 2382 is
895 2331 951 2381 fond
959 2332 987 2380 of
995 2332 1066 2394 using

155 2389 197 2438 tbe
208 2399 293 2438 neuter
304 2389 380 2448 plural
391 2389 577 2450 substantively.

185 2455 192 2477 ¹
204 2447 252 2496 Por
262 2449 311 2496 this
322 2449 486 2498 construction
495 2447 524 2497 of
535 2464 604 2509 qoam
614 2447 674 2497 with
685 2448 727 2497 the
737 2449 900 2510 subiunctive,
910 2465 952 2498 see
964 2450 1062 2510 Zumpt,

155 2507 365 2615 ὃ5551(ὲίιὲξιξῗιιὶνιιι
381 2565 412 2614 do
427 2575 469 2614 not
485 2565 576 2626 always
595 2581 695 2627 express
712 2565 851 2624 smallnsss,
868 2568 912 2616 but
928 2567 1063 2629 frequently

155 2625 207 2674 also
215 2635 345 2684 contempt.
365 2624 439 2674 Latro
450 2625 470 2673 is
480 2641 495 2674 a
505 2625 596 2684 baudit,
606 2643 622 2674 a
629 2625 767 2684 murderer;
779 2629 930 2676 lctnrsculua
941 2627 962 2675 is
972 2643 987 2674 a
995 2628 1062 2684 base,

156 2699 267 2734 common
278 2683 419 2734 cut-thruat.

185 2743 312 2793 ’Paenitet
322 2759 357 2791 ore
368 2743 388 2813 is
398 2755 440 2792 not
451 2742 543 2824 merely
557 2743 679 2813 flrepeut
690 2744 727 2814 op,
740 2743 830 2814 haring
839 2744 902 2793 done
916 2743 1061 2808 something,

155 2803 198 2851 but
210 2803 260 2851 also
273 2803 348 2852 ‘lam
359 2801 526 2852 discontented
546 2803 606 2851 with
617 2804 756 2864 something
764 2803 844 2852 wbreh
853 2802 912 2852 does
920 2814 961 2852 not
971 2805 1064 2864 depend

157 2876 189 2908 on
204 2875 252 2918 me,
269 2863 313 2909 but
328 2861 372 2910 bas
388 2877 456 2910 some
472 2861 573 2910 relation
589 2871 616 2910 to
630 2871 684 2912 r'ne·
702 2862 856 2925 accordingly
867 2861 933 2922 here,
949 2864 975 2912 ‘l
986 2864 1064 2924 prefer

155 2919 358 2988 discoutentment
369 2920 429 2968 with
445 2937 486 2982 my
499 2921 603 2980 fortune,
620 2931 647 2971 to
661 2897 746 2972 shame
762 2921 798 2971 for
813 2937 856 2984 my
866 2923 976 2984 victory.¹
1009 2924 1064 2973 The

155 2988 286 3026 sentiment
297 2993 318 3026 rs
328 2993 387 3039 very
414 2979 468 3028 cod.

185 3036 229 3084 ‘A
241 3036 342 3098 divinity
353 3038 377 3086 in
392 3049 401 3085 t
420 3055 434 3086 e
451 3039 552 3091 Persian
566 3038 738 3100 fite-worship,
750 3055 781 3089 an
796 3041 911 3090 maistam
926 3041 954 3090 cf
966 3041 1007 3091 the
1023 3058 1062 3090 su·

154 3095 479 3224 prqqrpoqqdngqprppplhm
493 3161 574 3226 ‘great
585 3157 677 3206 daeds.’
735 3214 741 3227 Ι
897 3219 902 3228 Ι

183 3213 260 3265 ⁶'Phe
290 3225 386 3264 uestros
400 3225 515 3285 suggests
531 3215 604 3286 rtself,
617 3215 673 3264 how
685 3215 857 3286 Darius-knew
867 3218 924 3266 this.
957 3217 1063 3278 Perhaps

153 3269 288 3380 deiifhierie
303 3273 388 3398 ξιξ
402 3275 769 3441 ιὴιιῐιιίὲῖῃὲιὴοῗιὲῗῖζᾞῗίιίᾙιιίο
785 3335 843 3396 only
857 3345 883 3384 to
899 3333 990 3395 things,
1007 3349 1063 3395 may

153 3388 363 3500 ιὲεθοωίειὲινιιθριρίιοᾱ
379 3399 404 3439 tc
419 3407 475 3441 mon
486 3408 508 3440 w
526 3409 542 3442 o
552 3409 592 3443 ars
602 3411 651 3443 nori
661 3403 771 3458 conpotes
782 3396 905 3444 rui-not
921 3403 1024 3442 masters
1034 3393 1063 3442 of

153 3459 164 3498 t
182 3515 191 3540 ¹
203 3507 258 3559 'l’hs
269 3485 336 3558 mors
346 3508 418 3560 usual
427 3509 575 3571 proposition
585 3511 667 3562 would
677 3511 739 3562 have
749 3513 813 3561 been
822 3528 845 3561 a.
