2264 3880
164 238 223 294 '³⁰⁰
428 251 467 292 ua
490 249 597 292 ossrrs
618 251 802 291 arsamum.

91 379 95 385 ’
164 381 212 418 eas
229 361 290 414 sarri
306 375 462 430 magnarum
480 360 590 413 navium
608 376 714 428 corpora
734 365 893 428 aequantes,
915 357 990 411 truci
1007 367 1069 410 cantu

164 432 302 486 deterritas
314 431 389 500 sequi
402 431 534 498 classem,¹
546 445 609 482 curn
627 446 722 496 magno
734 429 858 497 aequoris
871 430 1002 498 strepitu,
1015 428 1070 480 velut

164 501 288 554 demersa
300 501 411 569 navigia,
425 499 528 552 subisse
546 515 638 568 aquae.
674 499 768 550 Cetera
787 496 886 549 incolis
905 498 1070 565 crediderant,

165 571 231 623 inter
243 586 321 640 quae,
334 569 451 623 Rubrum
469 584 543 620 mare
562 586 612 622 non
624 585 641 620 a
653 567 738 620 colore
755 567 901 634 undarum,
916 576 948 620 ut
969 568 1070 637 plerique

164 637 310 718 crederent,
324 638 370 691 sed
382 638 417 691 ab
431 638 542 707 Erythro
555 655 617 706 rege
629 636 770 706 appellari:
791 653 852 688 esse
866 635 947 688 haud
969 637 1070 708 procula

164 710 308 762 continenti
321 707 434 762 insulam
453 707 549 778 palmis
562 706 744 776 frequentibus
755 707 899 775 consitam,
914 715 944 758 et
958 707 987 760 in
1000 707 1070 760 medio

163 777 220 832 lere
233 795 339 832 nemore
352 777 502 830 columnam
515 776 641 843 eminere,
656 775 759 844 Erythri
779 775 849 843 regis
862 785 1069 839 monumentum,

164 848 258 901 litteris
269 847 357 916 gentis
369 845 426 916 ejus
438 846 572 915 scriptam.
608 843 785 914 Adjiciebant,
799 845 918 914 navigia,
934 863 1010 914 quae
1021 845 1071 898 liras

164 926 376 985 mercatoresque
389 915 529 982 rexissent,
543 914 643 967 lamam
655 915 711 966 auri
731 915 829 966 secutis
846 915 1070 982 gubernatoribus¹

165 987 192 1040 in
213 987 326 1040 insulam
346 1001 405 1037 esse
425 983 587 1052 transmissa,
600 999 651 1036 nec
669 983 766 1036 deinde
784 983 819 1036 ab
839 983 897 1036 hist
909 993 1010 1053 postea
1022 986 1070 1036 risa.

164 1057 229 1124 Rex,
242 1054 417 1124 cognoscendi
435 1053 510 1124 plura
526 1054 651 1123 cupidine
665 1070 801 1121 accensus,
816 1070 913 1106 rursus
925 1071 978 1106 eos
992 1062 1070 1106 termut

163 1127 253 1194 legere
264 1124 347 1194 jubet,
360 1123 445 1176 donec
463 1123 497 1176 ad
516 1124 657 1194 Euphratis
675 1125 742 1175 ostia
759 1122 931 1192 appellerent
953 1123 1070 1188 classem,

163 1195 226 1248 inde
239 1195 349 1246 adverso
361 1209 440 1245 arnna
454 1191 587 1262 Babylona
599 1191 736 1244 subituros.

199 1268 223 1315 3.
242 1263 302 1332 lpse
314 1263 402 1315 animo
414 1261 516 1315 infinita
527 1261 682 1332 complexus
694 1267 826 1330 statuerat,
841 1263 919 1314 omni
941 1263 982 1316 ad
1000 1263 1071 1316 Orien-

163 1342 221 1386 tem
239 1330 370 1383 maritima
388 1331 493 1398 regione
532 1330 667 1398 erdomita,
688 1347 722 1384 ex
741 1329 815 1400 Syria
834 1341 932 1398 petere
955 1333 1070 1398 African,

164 1399 315 1468 Carthagini
328 1399 461 1452 infensus:
481 1349 544 1453 inde
556 1399 698 1454 Numidiae
716 1399 906 1452 solitudinibus
926 1401 1070 1470 peragratis

164 1487 270 1523 cursum
296 1469 388 1521 Gadis³
411 1468 532 1537 dirigere.
570 1469 609 1522 lbi
636 1485 753 1538 namque
783 1468 927 1522 columnas
961 1471 1072 1523 Herculis

164 1555 223 1592 esse
254 1539 326 1592 sarna
352 1537 513 1606 vulgaverat.
558 1539 697 1608 Hispanias
726 1535 831 1606 deinde,
862 1555 936 1606 quas
971 1541 1072 1594 lberiaru

164 1609 260 1663 Graeci
284 1625 300 1660 a
324 1607 435 1661 flumine
465 1608 540 1661 Ibero
564 1607 702 1674 vocabant,
728 1608 817 1676 adire3
848 1617 876 1659 et
909 1609 1071 1678 praetervehi

164 1677 254 1749 Alpes,
275 1677 419 1746 Italiaeque
439 1693 520 1746 oram,
540 1676 611 1729 unde
632 1677 658 1728 in
679 1677 789 1746 Epirum
807 1675 899 1729 brevis
919 1695 1020 1731 cursus
1037 1687 1072 1730 est.

164 1747 244 1816 Igitur
256 1746 468 1818 Mesopotamiae
480 1745 645 1816 praetoribus
658 1746 804 1814 imperavit,
814 1746 931 1798 materia
944 1748 976 1800 in
987 1749 1072 1800 Libano

164 1826 254 1870 monte
272 1833 359 1888 caesa,
372 1816 537 1885 devectaque
556 1815 590 1868 ad
608 1815 702 1868 urbem
721 1815 811 1884 Syriae
823 1814 1016 1888 Thapsacum,
1029 1833 1072 1886 sep

164 1887 342 2008 tingentarum
353 1886 455 1938 carinas
469 1886 576 1938 navium
589 1899 700 1954 ponere:
721 1884 889 1954 septiremes⁴
903 1902 1007 1938 omnes
1019 1902 1072 1952 esse,

163 1954 197 2008 de
219 1956 314 2025 ucique
336 1955 518 2024 Babyloniam.
544 1955 709 2023 ·Cypriorum
734 1953 840 2022 regibus
859 1954 1038 2024 imperatum,
1055 1963 1073 2006 ut

163 2040 211 2078 aes
231 2026 418 2094 stuppamquei
438 2033 464 2076 et
484 2023 544 2076 vela
564 2023 727 2093 praeberent.
766 2023 839 2076 Haeo
859 2026 958 2092 agenti
981 2026 1039 2078 Pori
1056 2033 1074 2076 et

164 2093 264 2147 Taxilis
277 2111 370 2162 regum
382 2093 484 2146 litterae
497 2093 641 2162 traduntur,
655 2091 783 2147 Abisaren
798 2090 899 2162 morbo,
915 2092 1073 2165 Philippum,

163 2161 330 2232 praelectum
354 2162 444 2233 ipsius,
471 2179 504 2216 ex
524 2162 633 2214 vulnere
656 2162 787 2230 interisse,
811 2179 1016 2232 oppressosque
1039 2163 1074 2232 qui

164 2231 347 2284 vulnerassent
365 2247 437 2284 eum.
473 2232 556 2300 Igitur
568 2231 688 2300 Philippo
707 2231 840 2284 substituit
861 2231 1074 2288 Eudaemonem.

164 2299 225 2354 Dux
237 2309 292 2352 erat
304 2300 446 2353 Thracum.
483 2301 601 2354 Abisaris
614 2317 724 2368 regnum
736 2300 789 2352 filio
801 2298 859 2368 ejus
870 2301 1010 2355 attribuit.

199 2375 229 2422 t.
243 2369 358 2421 Ventum
371 2378 411 2422 est
423 2369 521 2422 deinde
533 2369 702 2438 Persagada.⁸
738 2369 843 2423 Persica
855 2377 897 2421 est
910 2387 993 2440 gena,
1008 2371 1074 2440 cujus

165 2447 283 2508 satrapes
300 2437 406 2490 Orsines
424 2446 487 2509 erat,
500 2439 638 2494 nobilitate
655 2455 687 2492 ao
705 2438 806 2492 divitiis
822 2438 891 2490 inter
907 2455 1011 2494 omnes
1028 2441 1074 2493 bar·

186 2593 201 2656 ,¹
215 2585 312 2634 'When
323 2585 356 2646 by
367 2601 381 2633 a
391 2585 449 2634 wild
464 2601 506 2693 cry
522 2585 609 2655 (raised
628 2588 661 2646 by
677 2584 717 2633 the
734 2589 850 2642 seament',
869 2585 932 2646 they
948 2586 1003 2636 had
1021 2590 1074 2636 been

163 2645 373 2758 ‘lithlhl
382 2644 488 2758 lt'hil
498 2645 718 2757 „..,3,1„0133.n
787 2659 789 2662 ’

192 2726 317 2844 ’Τὴζιοᾏά
328 2744 389 2823 loim
401 2777 422 2822 is
434 2725 510 2822 inlhe
521 2775 657 2822 accusative
669 2744 785 2842 plurales
796 2787 877 2840 nouus,
888 2771 989 2843 having
1000 2777 1075 2826 iamin
1103 2819 1104 2842 ,

164 2833 206 2882 the
224 2844 329 2894 genrtrve
346 2841 395 2889 (see
414 2834 494 2881 Graan.
511 2833 524 2884 b
541 2837 587 2888 69),
600 2848 651 2881 was
671 2832 779 2881 retained
797 2832 932 2894 especrolly
948 2849 978 2882 ιη
997 2852 1075 2898 proper

163 2905 255 2946 names,
269 2891 329 2940 such
340 2908 367 2941 as
379 2893 464 2941 Sardis
476 2890 522 2940 and
536 2892 619 2940 Gadis.
1103 2911 1104 2944 ς

192 2953 298 3002 “With
310 2971 384 3005 seven
394 2971 458 3004 rows
468 2955 496 3005 of
510 2971 564 3004 oars
581 2964 634 3010 (one
651 2958 727 3005 above
746 2955 872 3011 another).'
906 2955 999 3007 These
1015 2959 1052 3008 sbi

162 3029 226 3063 were
236 3013 354 3062 therefore
364 3025 390 3063 to
400 3017 431 3064 be
439 3015 467 3064 os
473 3015 653 3083 extraordinary
663 3015 713 3064 size
722 3014 758 3064 sor
765 3015 817 3086 that
829 3030 882 3075 age,
893 3014 970 3066 those
984 3019 1011 3066 in
1021 3036 1035 3067 o
1061 3019 1074 3066 i·

161 3074 1075 3203 litat,tat{irretiebatattttltttttttrmlhihltt

161 3191 270 3240 hundred
281 3205 350 3251 years
362 3191 429 3249 later,
440 3207 464 3240 1n
473 3192 514 3240 the
524 3193 600 3241 Punrc
608 3208 677 3240 wars.
700 3193 840 3242 Alexander
850 3194 971 3244 intended
984 3206 1012 3244 to
1022 3196 1074 3246 send

161 3250 210 3300 this
222 3249 287 3306 fleat,
300 3249 380 3319 which
391 3266 442 3298 was
453 3267 507 3298 now
519 3262 543 3303 to
559 3254 589 3300 be
605 3251 666 3300 built
682 3267 714 3300 on
729 3252 770 3300 the
782 3251 930 3311 Euphrates,
945 3253 1025 3317 along
1039 3257 1073 3304 tlte

161 3320 227 3360 coast
239 3309 267 3358 os
274 3309 366 3358 Arabra
377 3309 423 3357 and
434 3311 509 3359 round
521 3310 612 3360 Africa.

191 3373 341 3442 ¹‘Cuppae'
360 3373 384 3422 in
400 3373 479 3422 which
496 3373 593 3436 Cyprus
609 3390 659 3424 was
678 3374 738 3432 rich,
753 3373 815 3424 ‘aad
829 3373 943 3432 natumst
962 3385 993 3427 to
1010 3377 1074 3430 cardi

161 3431 203 3520 ὡς
211 3432 418 3553 bllpssinagaam
430 3491 512 3540 which
522 3491 543 3540 is
553 3491 665 3552 properly
675 3492 717 3541 the
728 3508 799 3542 name
809 3491 837 3542 ol
843 3492 886 3542 the
897 3492 973 3545 tribe.
