2410 3890
147 243 203 302 lld
411 257 450 297 sa
474 257 579 300 cassis
601 259 785 300 ereximus.

143 367 285 439 pellebant,
304 367 387 420 ardua
409 367 510 434 semita,
530 367 576 420 sed
597 367 701 435 longius
720 385 736 419 a
756 367 912 422 stationibus
935 367 1050 424 hostium

145 446 252 504 remota,
266 436 351 488 mul-ta
369 453 429 487 cum
451 437 588 488 vexatione
610 437 745 506 prooessit.
782 437 892 490 Medius
911 448 967 490 erat
985 438 1050 506 dies,

144 515 171 558 et
190 505 308 573 fatigatis
327 505 476 557 necessaria
488 505 578 573 quies:
598 506 695 575 quippe
715 507 871 559 tantundem
890 507 991 560 itineris
1009 525 1051 560 su·

145 585 254 644 parerat,
268 582 397 644 quantum
414 576 516 626 emensi
534 585 616 644 erant,
631 575 678 628 sed
696 575 786 628 minus
803 576 955 645 praecipitis
971 585 1060 645 atque'

145 644 228 696 ardui.
272 645 364 712 ltaque
392 643 498 696 relectis
520 645 580 697 cibo
604 661 749 714 somnoque
773 644 909 714 militibus,
935 645 1052 698 secunda

145 713 236 781 vigilia
248 713 339 780 surgit.
376 713 409 766 Et
421 723 510 765 cetera
522 713 631 781 quidem
644 713 715 766 haud
727 731 806 781 aegre
824 714 963 783 praeteritj
982 727 1051 766 cete·

145 799 211 850 rurn,
224 799 276 850 qua
295 797 324 834 se
343 783 471 834 montium
489 781 583 850 jugum
601 782 729 851 paulatim
746 783 781 836 ad
798 783 915 862 planiora
926 782 1041 836 demittit

146 852 238 919 ingens
250 853 354 919 vorago¹
367 867 495 904 concursu
514 860 609 903 cavata
625 852 778 904 torrentium
797 861 847 905 iter
859 862 973 920 ruperat.
1008 823 1051 905 Ad

146 919 195 973 hoc
214 921 334 973 arborum
355 921 418 972 rami
436 919 505 972 alius
522 919 574 972 alio
587 919 716 989 implicati
730 929 756 973 et
768 921 941 974 cohaerentes
953 929 982 976 ut
995 939 1051 991 per-

145 991 264 1058 petuaru'
282 989 433 1058 objecerant
454 1005 555 1059 sepem.
576 991 747 1058 'Desperatio
767 990 847 1058 igitur
864 992 964 1062 ingens,
984 991 1051 1043 adeo

146 1061 230 1112 utrix
248 1059 362 1110 lacrimis
374 1058 544 1127 abstinerent,
559 1059 709 1111 incesserat.
747 1059 892 1129 Praecipue
905 1060 1052 1113 obscuritas

145 1130 235 1180 terrori
247 1137 317 1180 erat:
336 1143 398 1178 nam
411 1128 516 1179 etiamsi
528 1145 581 1196 qua
599 1128 685 1180 sidera
703 1129 896 1197 internitebant,
909 1129 1051 1182 continenti

145 1195 236 1249 fronde
258 1205 344 1248 tectae
366 1195 471 1248 arbores
491 1201 643 1266 conspicere
668 1197 849 1266 prohibebant.
886 1199 927 1250 Ne
948 1200 1050 1251 aurium

144 1265 255 1334 quidem
267 1282 330 1317 usus
347 1276 489 1334 supererat,
504 1265 584 1318 silvas
595 1267 729 1334 quatiente
741 1276 827 1334 vento,
859 1267 886 1320 ui
898 1283 1052 1320 concurren-

145 1333 226 1387 tibus³
239 1335 317 1387 ramis
329 1333 456 1404 majorem
469 1351 550 1403 quam
562 1353 607 1404 pro
620 1335 786 1389 flatusonum
796 1285 902 1388 edebat.
929 1337 1050 1389 Tandem

145 1413 285 1472 expectata
304 1403 350 1456 lux
370 1404 465 1470 omnia,
484 1421 552 1472 quae
571 1403 726 1456 terribiliora
744 1421 795 1458 nox
814 1405 920 1473 lecerat,
940 1407 1049 1458 minuit:

144 1472 277 1525 circumiri
297 1471 372 1525 brevi
392 1472 475 1540 spatio
494 1482 596 1542 poterat
617 1473 738 1543 eluvies,⁴
754 1483 780 1528 et
799 1474 849 1527 sibi
867 1475 980 1544 quisque
995 1475 1050 1528 dux

144 1541 245 1594 itineris
257 1559 305 1594 coe
324 1549 379 1593 erat
392 1541 458 1593 fieri.
619 1587 621 1591 ,
951 1567 956 1573 ·

181 1615 219 1663 16.
240 1611 280 1667 Er
317 1613 372 1664 unt⁵
391 1627 453 1678 ergo
473 1610 499 1663 in
519 1610 622 1667 editum
640 1613 784 1664 verticem:
813 1629 846 1666 ex
864 1628 915 1682 quo
935 1613 1050 1666 hostium

144 1681 255 1732 statione
273 1689 422 1759 conspecta,
437 1689 543 1732 strenue
555 1681 657 1750 armati,
671 1699 687 1733 a
700 1690 771 1748 tergo
785 1698 812 1734 se
825 1680 966 1734 ostendunt
984 1681 1050 1735 nihil

143 1748 197 1801 tale
218 1749 412 1801 metuentibus:
434 1765 545 1818 quorum
568 1749 652 1818 pauci,
673 1750 717 1818 qui
742 1749 865 1818 congredi
888 1752 946 1804 ausi
967 1759 1048 1820 erant,

143 1819 214 1870 caesi
234 1828 302 1870 sunt.
339 1818 431 1888 Itaque
450 1816 512 1870 hinc
530 1819 698 1872 morientium
715 1821 840 1886 gemitus,
857 1819 918 1872 hino
936 1820 968 1872 sd
989 1837 1050 1872 suos

144 1889 332 1940 recurrentium
353 1885 511 1940 miserabilis
528 1886 619 1956 facies,
639 1889 754 1956 integros
771 1904 884 1957 quoque,
904 1898 1048 1958 autequam

142 1955 282 2010 discrimen
304 1957 491 2036 experirentur,
510 1957 537 2008 in
555 1955 647 2025 sugam
667 1958 769 2008 avertit.
814 1957 932 2010 Fremitu
952 1958 1048 2012 deinde

142 2025 168 2078 in
188 2037 281 2094 castra,
301 2043 361 2095 quis
385 2026 507 2078 Craterus
529 2025 715 2096 praesidebat,⁸
737 2025 817 2093 illato,
838 2026 871 2078 ad
897 2028 1049 2096 ocupandas

141 2095 284 2162 angustias,
300 2095 324 2148 in
338 2093 434 2162 quibus
445 2093 530 2163 pridie
549 2095 695 2164 haeserant,
708 2095 787 2148 miles
800 2095 929 2147 educitur.
966 2095 1048 2148 Simul

141 2171 167 2214 st
181 2163 298 2215 Philotas
310 2179 372 2214 cum
390 2162 579 2242 Polyperconte
592 2165 762 2282 Amyntaque
774 2171 801 2216 et
814 2165 900 2216 Coeno
913 2164 1047 2218 diversum

140 2231 192 2283 iter
203 2232 303 2298 ingredi
315 2231 411 2300 jussus,
425 2231 506 2284 alium
521 2240 643 2285 terrorem
656 2233 713 2285 intu
726 2233 744 2283 it
762 2232 887 2286 barbaris.
924 2233 1047 2302 Undique

140 2316 202 2368 ergo
221 2300 401 2352 Macedonum
420 2301 501 2353 ermis
519 2300 689 2370 fulgentibus,
708 2301 816 2370 ancipiti
834 2302 904 2354 malo
922 2303 1046 2372 oppressi,

139 2368 313 2422 memorabile
338 2378 427 2420 temen
452 2370 579 2437 proelium
602 2367 692 2422 edunt.
729 2369 763 2423 Ut
784 2371 881 2450 opinor,
904 2371 1047 2439 ignaviam⁷

139 2453 245 2508 quoque
263 2439 410 2490 necessitas
427 2439 505 2509 acuit,
519 2448 546 2491 et
558 2455 639 2508 saepe
657 2439 806 2508 desperatio
825 2456 882 2508 sper
899 2456 980 2492 causa
997 2451 1046 2494 est.

139 2507 210 2560 Nudi
234 2506 478 2576 complectebantur
497 2517 620 2576 armatos,
642 2517 669 2560 et
692 2508 792 2576 ingenti
816 2525 951 2577 corponrm
976 2507 1046 2562 mole

139 2593 232 2630 secum
250 2577 283 2629 ad
303 2587 397 2629 terram
416 2576 592 2646 detrahentes,
607 2578 722 2647 ipsorum
734 2577 793 2629 telis
812 2576 950 2646 plerosque
963 2578 1045 2631 fodie-

139 2645 208 2699 bant.
244 2645 434 2700 Ariobarzanes
452 2655 548 2715 tamen,
567 2647 612 2700 XL
631 2646 714 2698 ferme
732 2647 866 2715 equitibus
885 2655 911 2698 et
931 2649 1046 2716 quinque

139 2714 245 2768 milibus
257 2716 375 2784 peditum
385 2718 502 2785 stipatus,
513 2734 559 2785 per
570 2715 687 2768 mediam
695 2715 783 2768 aciem
795 2715 974 2768 Macedonum
984 2733 1045 2771 curn

137 2783 221 2836 multo
244 2801 350 2836 suorum
373 2794 453 2853 atque
477 2785 591 2838 hostium
615 2785 743 2864 sanguine
766 2785 860 2853 erupit,
882 2785 1044 2855 Persepolim

137 2851 239 2920 urbem,
255 2863 334 2922 caput
353 2853 471 2923 regionis,
487 2870 600 2923 ccupare
618 2853 753 2906 festinans.
790 2851 842 2905 Sed
859 2869 876 2904 a
893 2853 1046 2907 custodibus

165 2971 175 3056 l
187 2966 270 3074 :libllist'
280 2969 494 3082 avoireipbrrsllvhst
507 3027 539 3076 mi
557 3027 583 3074 ht
595 3029 625 3075 be
636 3027 713 3076 called
724 3043 738 3074 a
749 3026 892 3076 continuone
903 3027 999 3090 treuge!

165 3083 255 3133 '‘The
265 3085 337 3141 wind,
352 3085 412 3136 from
428 3085 469 3134 the
485 3087 580 3193 bobgths
595 3086 699 3147 rustling
714 3101 741 3134 or
756 3085 855 3146 bearing
873 3087 966 3148 against
985 3087 1043 3136 each

135 3143 213 3200 other,
222 3143 341 3202 produced
350 3161 364 3191 a
373 3145 455 3194 louder
461 3160 521 3193 soun
574 3159 604 3192 en
612 3160 662 3192 was
671 3144 839 3205 proportioned
846 3154 871 3192 to
878 3146 909 3194 its
916 3145 1042 3195 violence!

164 3207 173 3230 d
186 3206 191 3228 t
271 3202 277 3222 ⁷

134 3201 371 3378 oid‘iffllcigptpeachss
385 3276 411 3308 or
424 3263 514 3312 ‘arrivs
525 3263 566 3312 at.'
591 3261 654 3311 This
663 3263 720 3310 verb
729 3261 820 3322 always
832 3262 927 3322 implies
938 3264 979 3312 the
990 3263 1045 3312 idea

161 3376 324 3427 ‘Praecidam
340 3376 361 3426 is
376 3375 405 3426 ol
418 3393 478 3440 very
487 3379 598 3440 frequent
613 3394 757 3428 occurrence
774 3380 799 3428 in
816 3379 877 3430 later
888 3379 996 3442 Latinity
1007 3379 1044 3430 lor

137 3452 353 3546 wiberdicel
