2264 3880
452 246 543 288 urana
563 247 605 288 rx.
919 234 978 290 283

60 354 137 410 fusis
150 355 260 410 vocibus
272 356 367 412 flentes
379 371 441 408 eum
453 354 570 422 orabant,
582 363 612 408 ut
624 355 733 408 taudem
745 357 891 410 exsatiatas
904 357 978 412 laudi

60 425 182 480 modurn
195 421 312 494 faceret,¹
325 440 358 476 ae
369 409 445 476 saluti
458 441 530 492 suae,
543 423 570 476 id
584 432 623 476 est
635 424 767 494 publicae,
781 436 909 494 parceret.

36 488 42 500 “
102 499 146 547 25.
167 496 248 547 Grata
260 502 316 547 erat
328 493 381 560 regi
391 491 478 572 pietas
489 493 642 546 amicorum.
671 494 764 563 Itaque
773 495 887 563 singulos
899 495 976 550 sami·

63 563 162 616 liarius
173 563 314 684 amplexus
325 562 461 616 consulere
473 561 555 632 jubet,
574 562 713 641 Altiusque
723 579 843 616 sermone
856 568 975 636 repetito,
1069 623 1073 632 ,

62 633 153 686 Vobis
172 633 215 701 qui
236 649 287 702 em,
302 631 393 700 inquit,
412 647 427 682 o
444 631 566 684 fidissimi
584 632 760 702 piissimique
777 633 878 686 civium
894 644 975 704 atque

5 739 6 746 η
62 702 226 771 amisorum,
240 709 328 770 grates
339 717 388 768 ago
406 697 552 770 habeoque,
566 715 618 752 uon
635 699 720 754 solum
734 716 765 752 eo
777 703 891 772 nornine,
904 705 975 773 quod

5 787 6 820 t
64 770 151 824 hodie
165 770 278 823 salutem
291 787 379 823 meam
392 778 495 821 vestrae
514 785 575 838 prae
612 769 740 838 uitis‚sed
758 770 975 841 quodaprimor-

5 863 7 888 ;
64 839 120 891 diis
139 839 204 892 belli
222 839 323 892 nullum
341 855 403 907 erga
421 855 464 890 me
482 837 577 890 benivo
589 837 677 890 entiae
695 838 791 908 pignus
809 847 889 919 atque
908 841 975 896 iudi·

65 908 143 960 eium
157 909 288 976 omisistis,
301 907 369 960 adeo
381 917 408 960 ut
422 907 600 960 confitendum
612 908 653 976 sit,
667 925 800 978 uunquam
814 909 881 961 mihi
892 912 975 966 vitam

5 1023 7 1032 ,
66 994 162 1030 meam
182 977 263 1032 fuisse
282 987 336 1030 tam
354 993 449 1044 earam,
462 994 542 1045 quam
560 993 619 1028 essa
632 977 725 1046 eoepit,
739 986 767 1030 ut
779 978 855 1031 vobis
866 979 911 1033 ‹liu
925 981 974 1034 frui

65 1047 180 1116 possim.
217 1047 341 1098 Ceterum
359 1063 410 1098 non
432 1047 527 1098 eadem
546 1052 587 1098 est
606 1045 729 1114 cogitatio
748 1063 847 1117 eorum,
865 1049 909 1118 qui
929 1067 975 1119 pro

66 1132 113 1168 rne
136 1115 202 1168 mori
222 1124 319 1184 optant,
340 1124 367 1168 et
387 1131 464 1167 mea:
487 1115 532 1184 qui
549 1115 661 1236 puidam
680 1114 749 1168 hane
768 1115 975 1174 benivolentiam

66 1193 187 1236 vestram
200 1183 295 1237 virtute
314 1184 441 1237 meruisse
459 1201 502 1236 me
520 1183 547 1252 ju
568 1183 638 1236 ieio.³
672 1185 725 1238 Vos
739 1187 809 1238 enirn
823 1186 973 1242 diuturnum

5 1279 7 1314 ε
66 1251 185 1306 fructum
198 1269 232 1306 ex
244 1271 296 1322 me,
307 1253 416 1306 ¹forsitan
429 1253 510 1304 etiam
522 1262 686 1334 perpetuum²
699 1255 833 1326 peroipere
846 1257 974 1326 cupiatis:

67 1339 119 1391 ego
133 1340 178 1375 rue
190 1324 285 1375 metior
294 1339 344 1376 non
353 1322 447 1374 aetatis
459 1323 549 1390 spatio,
560 1322 607 1374 sed
618 1323 726 1391 glanae.
763 1325 847 1376 Licuit
859 1329 975 1394 paternis

67 1391 166 1462 opibus
184 1401 305 1444 eonteuto
327 1391 392 1444 intra
410 1389 585 1444 Macedoniae
605 1393 731 1446 terminos
750 1393 899 1462 parotium
919 1413 974 1450 cor·

68 1463 140 1530 poris
158 1471 297 1532 expectare
316 1460 454 1514 obscuram
472 1470 498 1512 et
517 1460 657 1530 ignobilem
675 1470 857 1516 senectutem:
883 1481 974 1533 quam·

88 1547 150 1584 uam
163 1549 197 1584 ne
209 1531 275 1600 pigri
287 1531 395 1599 quidem
409 1529 458 1582 sibi
472 1528 527 1582 fata
538 1531 684 1600 disponunt,
695 1531 742 1584 sed
755 1533 862 1584 unieum
875 1533 974 1588 bonum

5 1627 8 1664 t
68 1548 221 1652 liuturnam
233 1601 316 1652 vitam
334 1599 514 1652 existimantes
534 1611 615 1670 saepe
633 1600 730 1653 acerba
747 1618 818 1654 mors
837 1617 947 1672 occupat
957 1605 976 1656 :⁴

5 1698 8 1732 μ
69 1687 163 1721 verum
181 1685 237 1738 ego,
256 1671 300 1738 qui
319 1686 369 1721 uon
393 1684 475 1720 annos
498 1685 579 1738 meos,
599 1669 645 1722 sed
670 1669 791 1722 victorias
813 1687 932 1740 numero,
952 1673 974 1725 si

69 1755 181 1790 munera
204 1737 322 1791 fortunae
347 1738 416 1791 bene
435 1739 566 1806 computo,
586 1737 632 1790 diu
649 1739 712 1791 vixi.
734 1739 861 1790 ·0rsusa
882 1739 975 1794 Maee-

70 1807 149 1859 donia
167 1807 307 1876 imperium
321 1806 459 1858 Graeciae⁵
472 1814 564 1872 teneo:
583 1805 725 1860 Thraciam
746 1815 773 1859 et
792 1807 895 1876 illyrios
913 1809 973 1863 sub·

70 1877 131 1944 egi;
149 1875 279 1944 Triballis,
293 1875 451 1944 Maedisque
465 1874 586 1942 imperito
593 1891 601 1942 3
619 1877 718 1944 Asiam,
732 1893 784 1945 qua
796 1875 965 1948 Hellesponto

71 1962 124 2012 qua
144 1944 220 1996 rubro
240 1943 308 1996 mari
325 1943 475 2011 subluitur,⁸
494 1943 624 2012 possideo.
659 1945 772 2014 Jamque
792 1944 863 1998 haud
884 1919 975 2016 prooul

5 2023 8 2038 ’·
71 2013 165 2064 absum
192 2013 244 2065 fine
271 2011 371 2079 mundi,
390 2029 471 2080 quem
497 2029 620 2078 egressus
643 2012 723 2066 aliam
747 2022 873 2084 naturam,
892 2015 974 2071 alium

70 2081 163 2134 orbem
181 2081 282 2150 aperire
300 2080 365 2136 mihi
384 2082 471 2134 statui.
509 2081 550 2134 Ex
568 2081 632 2134 Asia
653 2082 678 2134 in
706 2083 826 2152 Europae
851 2087 976 2138 terminos

73 2159 205 2202 momento
230 2151 306 2204 unius
332 2149 410 2203 horae
437 2151 566 2203 transivit
600 2151 689 2203 Viator
707 2153 842 2222 utriusque
861 2155 977 2222 regionis

71 2228 129 2287 poet
142 2237 238 2272 nonum
252 2220 325 2289 regni
338 2219 399 2286 urei,
410 2230 467 2290 post
480 2220 637 2288 vigesimum
650 2229 730 2290 atque
742 2229 864 2274 octavum
878 2225 975 2278 aetatis

72 2290 189 2357 annunr‚⁸
201 2289 324 2342 videorne
342 2289 417 2342 vobis
434 2290 461 2343 in
479 2289 624 2342 excolenda
640 2289 728 2361 gloria,
742 2291 785 2344 oui
804 2307 847 2344 rne
866 2293 912 2346 uui
929 2294 975 2347 de·

73 2358 138 2425 vovi,
152 2375 228 2426 posse
241 2359 366 2412 cessaret

102 2468 183 2516 “Pur
193 2483 209 2514 a
219 2467 316 2518 tran-10
327 2468 364 2516 aa
375 2451 460 2526 pnes
470 2469 531 2524 (that
547 2469 577 2525 rs,
590 2468 669 2518 aesia
685 2469 713 2517 of
724 2471 820 2530 passe),
833 2471 913 2520 aurea
924 2485 975 2521 aa

7 2580 9 2588 ,
74 2541 128 2576 now
137 2527 244 2588 gratilied
256 2537 281 2575 to
293 2527 333 2574 the
345 2526 406 2575 salt!

5 2619 9 2634 .
102 2588 157 2634 'Ae
168 2597 193 2633 to
204 2586 252 2633 this
263 2586 418 2644 superlative.
429 2602 470 2633 see
484 2586 564 2633 (iram.
576 2586 590 2638 l
600 2590 638 2640 99,
652 2591 673 2641 1,
686 2596 750 2634 note.

5 2685 7 2694 ,
101 2645 195 2692 ⁸‘Whu
205 2645 303 2692 certainl
332 2644 442 2692 consider
452 2643 543 2703 mysell
555 2655 580 2692 to
591 2645 652 2692 have
663 2645 763 2694 merited
774 2661 834 2713 usur
848 2647 976 2706 good-will

76 2707 90 2752 b
116 2719 156 2763 my
165 2703 263 2750 valour.'
275 2761 280 2772 .
317 2703 354 2750 his
365 2713 479 2771 santanae
488 2717 563 2760 opens
571 2718 603 2808 up
615 2703 655 2750 the
664 2719 717 2762 way
725 2703 760 2752 sor
769 2703 806 2751 hrs
816 2705 975 2775 introduction

76 2721 152 2869 {lure
167 2763 313 2871 dpcpagatron
328 2761 380 2810 that
396 2761 426 2809 he
443 2761 503 2810 hves
518 2761 575 2820 only
595 2777 622 2809 or
636 2761 707 2810 fame.
737 2763 776 2810 Aa
787 2773 812 2810 to
822 2767 922 2824 quadarn,
934 2781 976 2812 see

98 2837 135 2869 um
152 2831 169 2875 t,
198 2847 201 2850 ·
222 2826 258 2870 7.
907 2865 909 2870 .

30 2887 34 2895 “
105 2837 211 2926 “lleath
225 2879 354 2928 overtakes
364 2879 432 2928 them
447 2879 537 2933 (before
552 2879 611 2938 they
621 2878 682 2927 have
697 2879 803 2928 attained
819 2881 859 2929 the
876 2881 915 2930 old
931 2897 976 2943 age

78 2939 151 2986 which
163 2939 221 2998 they
231 2938 293 2986 wieh
303 2939 364 2993 sor).¹
867 2961 868 2964 ¹

82 3058 88 3074 1
105 2997 250 3055 “Supreme
267 2997 319 3066 mle
336 3013 394 3046 ouer
412 2997 523 3068 Greaoe.{
555 2997 617 3068 siliis
634 2997 655 3045 is
671 2997 736 3046 what
755 2999 796 3047 the
819 2997 914 3050 Greeks
929 3000 977 3048 eall

79 3055 667 3173 lyllollbhiigsihtiii.stribliillyiiilhqibllmliisihe
679 3126 767 3166 wetere
783 3116 811 3164 of
823 3117 863 3165 the
880 3117 975 3166 Helles.

79 3181 132 3230 pout
142 3172 187 3219 and
198 3172 225 3219 os
236 3173 277 3219 the
294 3173 378 3222 Iudian
391 3174 490 3222 Ossan!
523 3174 635 3222 Alluitur
650 3175 726 3236 might
745 3175 805 3223 have
823 3179 884 3224 been
900 3175 975 3233 used;
1056 3175 1058 3182 ’

5 3232 8 3266 l
80 3233 119 3278 hut
129 3245 154 3277 ae
164 3231 205 3278 the
216 3247 258 3278 sea
268 3231 289 3278 is
299 3247 354 3280 oua
364 3233 437 3282 lower
448 3231 510 3281 leuel
519 3233 577 3282 than
586 3233 627 3282 tha
638 3243 713 3290 coust,
724 3233 977 3294 subluiturisequally

5 3289 6 3324 t
81 3291 230 3350 appropriate.

106 3348 234 3408 'Namslu
247 3349 279 3408 by
291 3349 331 3396 the
343 3350 408 3409 rapid
423 3365 525 3411 passage
541 3350 568 3399 ul
580 3351 620 3398 the
632 3351 754 3407 Iaxartes,
767 3351 846 3400 whieh
858 3367 908 3398 was
919 3351 976 3399 mis·

82 3407 198 3477 talrennlor
215 3407 255 3454 the
276 3407 375 3464 Tanais,
396 3409 436 3456 the
455 3410 579 3469 boundary
595 3412 707 3459 between
722 3412 785 3459 Asia
805 3411 850 3458 and
871 3409 977 3470 Europe.

5 3527 6 3536 ¹
82 3467 976 3588 slliiioillngtoannumerabuntur,ourautuoroagutohare
