2438 3886
142 207 179 261 38
396 221 450 274 ⁴ura
474 218 581 260 casrrs
603 219 786 260 russanum.

143 339 223 383 tunae
236 330 340 398 species
357 329 472 398 conspici
493 329 584 398 potuit,
597 345 659 380 curn
679 328 705 396 ii,
718 328 764 396 qui
783 343 846 380 cum
859 327 952 380 Dareo¹
965 328 1050 381 taber·

143 398 269 452 naculum
289 407 485 462 exornaverant,
506 399 577 449 omni
600 398 662 450 luxu
684 407 711 449 et
731 396 865 466 opulentia
884 398 1049 465 instructum,

143 468 239 520 eedem
270 467 315 519 illa
338 467 495 536 Alexandro,
520 468 595 536 quasi
618 469 701 518 veteri
731 466 845 534 donurro,
870 467 1049 518 reservabant.

144 538 269 606 Namque
293 537 319 589 id
343 537 430 593 solum
453 539 580 590 intactum
604 537 746 588 omiserant
770 535 875 605 milites,
895 536 932 588 ite
955 536 1049 588 tradito

144 622 225 674 more,
239 613 268 658 ul
280 605 407 658 victorem
420 607 481 658 victi
495 607 564 673 regis
575 605 745 658 tabernaculo
757 606 917 674 exciperent.

180 679 221 726 29.
240 675 291 728 Sed
315 677 435 728 omniurn
459 676 548 728 oculos
570 675 725 742 animosque
744 675 770 726 in
788 685 873 726 semet
891 675 1050 726 averterant⁸

144 743 267 812 captivae
279 753 364 797 mater
381 745 548 814 coniunxque
567 743 659 796 Darei:
679 743 726 794 illa
738 759 788 796 non
803 743 942 811 majestate
955 743 1048 810 eolurn,

145 812 192 866 sed
211 815 292 866 etiam
310 822 399 866 aetate
417 813 582 882 venerabilis,
595 813 663 865 haec
680 811 781 864 formae
800 812 1002 882 pulchritudine,
1016 829 1049 864 ne
1077 824 1079 832 ⁴

145 882 190 936 illa
213 883 323 952 quidem
353 891 421 935 sorte
450 890 596 952 corruptae.
631 882 777 952 Receperat
803 883 828 934 in
853 883 941 934 sinum
964 881 1049 934 filium

144 951 261 1004 nondum
285 960 389 1004 sextum
414 967 511 1004 annum
536 952 632 1003 aetatis
655 967 799 1020 egressum,
818 951 846 1004 in
867 967 943 1020 spem
961 958 1049 1002 tantae

144 1020 271 1090 fortunae,
285 1031 411 1090 quantam
429 1029 504 1090 pater
520 1019 580 1089 ejus
597 1020 676 1090 paulo
693 1029 755 1072 ants
772 1021 907 1088 amiserat,
919 1020 1048 1086 genitum.

143 1092 180 1144 At
192 1091 218 1142 in
230 1090 331 1158 gremio
343 1105 410 1141 anus
420 1089 497 1141 aviae
514 1088 638 1158 jacebant
655 1089 762 1141 adultae
777 1090 849 1142 duae
861 1089 984 1158 virginee,
998 1105 1050 1145 non

145 1175 192 1212 suo
205 1168 315 1228 tantum,
330 1157 378 1210 sed
391 1159 470 1211 etiam
484 1158 555 1211 illius
565 1173 684 1211 maerore
696 1158 842 1210 confectae.
871 1159 968 1226 ingens
980 1157 1051 1210 circa

144 1244 205 1280 eam
223 1227 348 1280 nobilium
367 1227 527 1280 feminamm
551 1227 628 1280 turba
646 1227 806 1298 constiterat,
826 1227 950 1280 laceratis
972 1226 1049 1278 crini·

143 1296 202 1365 bus,
221 1296 379 1365 abscisaque
399 1298 494 1367 veste,⁸
532 1297 613 1350 ristini
633 1297 735 1349 decoris
755 1297 933 1364 immemores,
946 1299 1050 1363 reginas

144 1365 326 1434 dominasque,
346 1365 416 1418 veris
438 1313 579 1435 quondam,
600 1375 662 1418 tunc
684 1366 788 1418 alienis*
805 1365 955 1420 nominibus
977 1369 1049 1417 invo-

143 1441 243 1486 cantes.
281 1434 352 1496 lllae,
366 1451 431 1489 suae
443 1435 601 1488 calamitatis
613 1435 718 1504 oblitae,
731 1435 759 1488 in
778 1443 835 1488 utro
853 1450 933 1488 cornu
949 1435 1050 1487 Dareus

143 1503 268 1572 stetisset,
287 1519 356 1573 quae
374 1504 477 1557 fortuna
493 1505 653 1558 discriminis
670 1503 770 1572 luisset,
784 1503 960 1572 requirebant.
996 1505 1050 1558 Ne·

142 1571 240 1640 gabant
258 1589 287 1626 se
305 1581 404 1644 captae,
421 1574 444 1627 si
462 1576 563 1626 viveret
582 1590 636 1626 rex.
671 1573 723 1626 Sed
743 1573 818 1626 illum
836 1589 920 1643 equos
937 1572 1049 1625 subinde

142 1649 291 1694 mutantem
304 1641 406 1696 lonvius
417 1643 481 1710 fuga
492 1643 648 1696 abstuleratr
682 1643 783 1696 lnacie
794 1651 886 1694 autem
896 1657 976 1694 caesa
989 1651 1049 1694 suat

142 1709 282 1764 Persarum
306 1687 426 1780 peditum
452 1722 559 1766 centurn
583 1712 663 1776 milia,
688 1711 783 1764 decem
809 1712 938 1779 equitum.
974 1715 1010 1764 At
1031 1725 1049 1762 a

48 1824 53 1834 .
141 1787 216 1901 perte
229 1779 373 1832 Alexandri
385 1789 507 1850 quattuor
518 1790 544 1832 et
553 1780 693 1902 Kduingenti
706 1780 788 1832 saucii
807 1780 889 1848 luere,
902 1797 937 1833 ex
956 1780 1048 1848 pediti·

161 1863 177 1900 u

179 1865 192 1898 s
204 1848 309 1917 triginta
320 1850 427 1903 omnino
439 1858 466 1902 et
483 1850 535 1903 duo
571 1850 704 1902 esiderati⁶
721 1857 789 1930 sunt,
802 1849 923 1928 equitum
939 1859 1049 1904 centum

141 1917 329 2021 quipqpaginta
352 1919 491 1975 interfecti.
535 1919 648 1972 Tantulo
668 1918 801 1988 impendio
824 1935 917 1987 ingens
938 1919 1049 1972 victoria

141 1995 221 2039 stetit.
442 1993 445 2001 '
663 2021 665 2028 κ

176 2060 215 2107 30.
234 2056 290 2108 Rex
302 2055 419 2126 quidem,
433 2058 549 2113 Dareum
567 2056 748 2136 persequendo
761 2057 893 2126 fatigatus,
906 2067 1047 2127 postquam

141 2131 168 2175 et
191 2139 242 2176 nox
264 2125 413 2193 appetebat,
434 2137 461 2178 et
481 2125 660 2194 consequendi
679 2141 741 2194 spes
760 2142 812 2178 non
831 2136 894 2194 erat,
915 2126 942 2178 in
962 2135 1048 2179 castra

140 2192 219 2262 paulo
238 2200 300 2244 aute
320 2207 336 2244 a
356 2194 412 2246 suis
431 2201 509 2263 capta
529 2193 669 2263 pervenit·
693 2193 799 2246 Invitari
818 2195 917 2248 deinde
937 2196 1045 2263 amicos,

140 2260 236 2330 quibus
253 2261 371 2314 maxime
389 2271 550 2332 assueverat,
566 2263 651 2334 J'uesit,
670 2263 768 2332 quippe
786 2279 892 2317 summa
909 2265 1047 2318 dumtaxat

151 2375 227 2382 -ω

168 2439 175 2460 ¹
186 2431 271 2482 ‘With
282 2432 369 2482 Darius
378 2434 394 2492 ;'
407 2435 459 2483 that
470 2436 499 2493 is,
513 2437 553 2484 ‘in
563 2437 604 2487 the
615 2438 707 2487 service
718 2437 747 2486 of
757 2437 862 2490 Darius!

166 2491 258 2540 lFrom
269 2493 413 2555 everything
423 2493 482 2542 else.

166 2555 176 2580 ⁸
186 2555 192 2577 ⁸
201 2550 272 2599 With
283 2563 336 2600 torn
346 2554 486 2613 germente!
519 2553 625 2610 Abacum,
638 2554 699 2604 from
709 2559 850 2615 abscindere,
864 2560 947 2609 whose
957 2561 1044 2620 supine

137 2611 251 2658 marham
261 2611 281 2658 ir
292 2611 334 2658 the
344 2628 411 2660 earne
423 2628 449 2660 as
460 2612 512 2660 thet
523 2612 551 2660 of
557 2615 678 2662 abscidere.
710 2613 772 2664 This
782 2617 837 2678 sign
847 2617 875 2667 ol
881 2619 942 2680 deep
953 2635 1044 2670 sorrow

139 2681 192 2753 rede
200 2683 405 2776 delpplptpddpdrou
415 2686 461 2721 one
472 2673 497 2720 irr
507 2672 602 2720 ancient
613 2671 693 2721 times.

167 2783 251 2853 ‘sl'hat
260 2785 289 2841 is,
302 2786 378 2844 Gaesi,
390 2789 513 2850 interfecti.
531 2789 586 2838 The
595 2789 723 2848 smellnese
732 2791 760 2839 of
766 2791 807 2841 the
816 2795 917 2844 number
924 2795 953 2844 of
959 2795 1041 2844 Mace·

128 2841 224 2890 *deman
235 2843 338 2904 infantry
346 2845 402 2894 who
409 2862 474 2914 vvere
483 2847 543 2896 elain
555 2849 575 2896 is
586 2849 732 2910 surprising3
745 2852 792 2900 arrd
802 2854 871 2902 other
879 2855 977 2904 authors
987 2856 1042 2916 give

138 2915 153 2948 a
163 2901 240 2968 larger
250 2906 350 2952 number
360 2919 366 2962 ;
384 2905 511 2963 Diodorus,
524 2907 559 2955 for
570 2907 686 2963 instance,
699 2913 750 2958 300.
781 2911 851 2960 Even
861 2912 908 2961 thie
919 2914 940 2964 ie
951 2915 1041 2974 dispro-

138 2961 297 3029 portronately
305 2963 383 3011 small.
414 2963 463 3012 We
474 2975 547 3022 mast,
561 2965 681 3024 however,
693 2969 749 3016 take
760 2969 810 3018 into
818 2972 991 3021 consideration
1000 2974 1041 3022 the

137 3019 1042 3134 tltttt‘ttlffliitttltllttlttltffilyl⁰²‘⁰tt‘m'’⁸⁰¹⁰⁵⁶¹⁰“¹⁰¹

137 3149 181 3184 our
191 3113 279 3187 double
291 3093 390 3195 tuogian
408 3133 536 3190 otherwise
548 3156 585 3189 we
601 3101 785 3203 mightliibnce
796 3099 1041 3198 dbribilheniiuillrdl

105 3238 114 3260 ‚
136 3193 178 3243 the
190 3195 268 3242 whole
279 3205 346 3255 story
356 3197 384 3244 ol
395 3197 558 3248 Alexander's
573 3203 721 3262 conquering
732 3204 795 3253 Asia
804 3205 868 3253 with'
875 3207 935 3256 such
946 3223 960 3254 a
970 3208 1042 3258 small

136 3253 276 3304 camberei
288 3270 351 3325 men.
383 3255 448 3324 {lbet
460 3257 560 3306 Curtius
575 3258 676 3308 himself
682 3277 733 3310 was
744 3264 874 3322 surprimd,
887 3267 908 3314 is
922 3266 1041 3316 indicated

135 3313 169 3420 pay
178 3311 221 3419 dhe
230 3313 432 3420 odardo„whroh,
445 3317 516 3364 when
524 3317 608 3376 placed
619 3317 702 3369 astera
712 3323 828 3380 numeral,
837 3323 858 3373 is
868 3325 1005 3384 equivalent
1015 3334 1042 3376 to

161 3389 235 3429 aare,
265 3388 296 3420 on
306 3388 329 3431 y.

162 3436 171 3462 ⁸
184 3429 224 3480 On
234 3432 275 3481 the
286 3431 398 3494 meaning
408 3433 455 3481 end
465 3435 629 3486 construction
639 3435 668 3488 of
678 3446 749 3496 stare.
761 3455 803 3490 see
816 3441 896 3491 Grais.
908 3442 982 3494 teet
