2314 3886
191 233 250 288 284
458 241 497 282 ur
520 242 627 284 oreris
648 240 832 284 araxauoar.

192 352 384 426 spopondisset.
420 351 521 412 Quodsi
533 351 614 404 ceteri
630 349 760 418 dubitent,
773 348 1059 419 semetipsumycum
1081 365 1117 400 res

192 425 283 478 inisset
295 421 453 490 convivium,
465 429 654 490 prostraturum
672 419 746 472 humi
764 435 867 540 corpus.
909 419 1034 471 Debere
1054 419 1116 470 iden

193 494 281 546 tacere
293 501 403 560 ceteros,
416 503 443 544 et
455 490 587 559 imprimis
599 488 729 558 sapientia
742 505 803 558 prae
825 489 889 540 ilos:
911 488 951 540 ab
976 489 1038 540 illis
1053 490 1115 540 enim

192 561 280 616 cultus
292 561 318 614 in
331 578 422 629 regem
435 560 589 629 exemplum
601 576 661 612 ease
673 557 848 628 prodendum.
887 556 975 610 Haud
993 559 1115 627 perplexe

193 632 219 684 iu
232 630 410 684 Callisthenen
421 629 584 698 dirigebatur
600 628 691 680 oratio.
727 627 851 682 Gravitas
869 626 919 679 viri
941 637 975 680 et
997 639 1115 698 prompta

193 695 310 754 libertas¹
328 700 414 754 invisa
431 709 486 752 erat
506 698 568 767 regi,
580 698 656 768 quasi
674 696 746 750 solus
762 695 932 750 Macedonas
954 709 1073 767 paratos
1088 697 1114 747 ad

194 769 247 824 tale
259 771 417 840 obsequium
430 776 583 822 moreretur.

233 844 271 892 19.
291 841 316 894 Is
334 849 391 892 tum
409 837 515 892 silentio
535 837 612 905 lactc,
625 853 709 890 unum
722 834 797 888 illum
812 834 992 890 intuentibus
1013 837 1112 899 ceteris,

194 909 220 963 Si
245 927 298 979 rex,
319 909 411 987 iuquit²
431 907 545 960 sermoni
570 918 614 958 tuo
638 905 766 972 affuisset,
787 905 888 958 nullius
913 905 1049 974 prolecto
1074 922 1113 955 ror

196 978 344 1048 responsuri
362 978 409 1030 tibr
426 976 635 1029 desideraretur:
656 976 714 1044 ipse
732 974 803 1028 enim
817 983 929 1043 peteret,
947 991 986 1026 ue
1001 974 1031 1027 in
1046 991 1113 1044 pere-

194 1049 282 1116 grinos
305 1056 479 1115 externosque
498 1046 562 1100 ritus
579 1045 741 1112 degenerare
758 1060 789 1096 se
806 1059 924 1112 cogeres,
953 1061 1015 1096 neu
1042 1044 1113 1096 rebus

196 1117 352 1170 felicissime
364 1117 448 1184 gestis
460 1115 590 1168 invidiam
607 1113 653 1166 tali
671 1113 822 1166 adulatione
835 1112 1031 1166 contraheres.
1070 1113 1112 1165 Sed

195 1187 320 1256 quoniam
344 1186 428 1254 abest,
454 1200 503 1252 ego
527 1183 575 1238 tibi
597 1200 642 1253 pro
667 1182 712 1236 illo
736 1199 778 1234 res
814 1182 890 1249 udae,
916 1181 1037 1236 nullum
1062 1200 1113 1236 ease

195 1255 311 1308 eundern
325 1263 352 1308 et
364 1254 518 1308 diuturnum
537 1263 564 1307 et
582 1253 770 1323 praecoquem²
794 1261 906 1316 ructum,
920 1251 1113 1321 coelestesque

195 1323 308 1376 honores
319 1340 369 1376 non
383 1322 446 1376 dare
459 1331 485 1374 te
498 1323 562 1392 regi,
575 1322 622 1374 sed
640 1321 753 1374 auferre·
788 1319 930 1374 intervallo
951 1322 1036 1374 enim
1056 1339 1112 1390 opus

196 1401 244 1459 est,
257 1400 286 1444 ut
303 1391 425 1444 credatur
442 1391 517 1460 deus,
531 1408 688 1462 semperque
707 1390 776 1444 hauc
792 1391 906 1459 gratiam
925 1391 1046 1460 magnis
1058 1393 1112 1443 viris

195 1460 295 1530 posteri
318 1460 439 1514 reddunt.
476 1461 532 1528 Ego
550 1472 642 1516 autem
660 1477 748 1514 seram
765 1459 1002 1513 immortalitatem
1026 1479 1112 1530 precer

197 1531 260 1600 regi,
275 1537 303 1584 ut
315 1538 342 1584 el
355 1533 409 1584 vita
421 1531 544 1584 diuturna
561 1532 603 1600 sit,
617 1538 644 1582 et
661 1540 770 1584 aeterua
787 1528 924 1599 majestas.
965 1531 1112 1584 Hominem

195 1599 365 1669 consequitur
387 1599 537 1669 aliquando,
555 1616 693 1669 nunquam
710 1598 850 1652 comitatur
868 1597 1014 1652 divinitas.
1057 1601 1111 1652 Her·

196 1670 285 1724 culam
303 1669 381 1724 modo
399 1679 426 1721 et
444 1671 549 1724 Patrem
569 1669 695 1722 Liberum
712 1675 881 1722 consecratae
900 1669 1112 1722 immortalitatis

195 1756 273 1794 exem
294 1738 321 1792 la
344 1739 486 1793 referebas.
523 1738 650 1792 Credisne
674 1737 733 1792 illos
757 1738 835 1794 unius
858 1737 979 1791 convivii
1005 1739 1112 1792 decreto

196 1809 261 1863 deos
273 1757 376 1862 dictast
412 1808 487 1862 Prius
498 1807 533 1862 ab
544 1807 628 1860 oculis
646 1807 798 1861 mortalium
816 1806 927 1860 amolita
943 1816 1052 1861 natura
1071 1821 1110 1871 ast

192 1889 194 1896 ’
214 1895 278 1932 uam
291 1878 316 1932 in
329 1878 433 1932 coelum
449 1877 522 1932 lama
539 1877 716 1947 perveheret.³
750 1877 868 1930 Scilicet⁴
880 1892 930 1944 ego
943 1885 975 1930 et
990 1885 1030 1946 tu,
1047 1879 1110 1943 Cleo

195 1895 261 2002 deos
277 1945 408 2002 tacimus!
430 1947 540 2000 anobis
557 1945 703 2000 divinitatis
722 1963 787 2000 suae
806 1946 1001 2000 auctoritatem
1020 1965 1111 2016 accep

195 2025 271 2070 turus
287 2025 328 2070 est
346 2015 408 2070 rex!
436 2017 582 2086 potentiam
600 2024 673 2068 tuam
693 2015 804 2085 experiri
822 2014 902 2068 libet:
925 2015 973 2068 sac
992 2015 1112 2086 aliquem

196 2102 295 2154 regern,
309 2085 423 2139 eldeum
437 2094 512 2156 potes
523 2086 620 2138 facere.
647 2083 763 2138 Facilius
774 2095 814 2138 eet
826 2083 932 2137 coelum
944 2085 1026 2156 dare,
1037 2103 1110 2156 qnam

195 2155 356 2222 imperiuml⁵
391 2153 433 2207 Dii
451 2155 555 2224 propitii
574 2153 632 2206 sine
651 2153 755 2224 invidia,
769 2171 837 2223 quae
850 2153 913 2206 Cleo
926 2151 1009 2224 dixit,
1025 2156 1111 2208 audic-

196 2223 254 2290 rint‚
274 2222 368 2276 eodem
389 2241 423 2276 ue
441 2240 527 2292 cursu,
540 2241 593 2294 qno
610 2223 709 2282 fluxere
729 2221 818 2292 adhuc
838 2239 888 2292 res,
907 2223 946 2275 ire
967 2226 1110 2293 patiantur.

196 2291 298 2344 Nostris
309 2240 426 2345 moribus
434 2291 517 2345 velint
528 2310 576 2345 nos
588 2310 647 2346 esse
656 2301 799 2346 contentos.
828 2289 888 2346 Non
901 2291 990 2362 pudet
1045 2296 1110 2362 triae,

196 2376 247 2412 nec
255 2359 384 2430 desidero,
396 2359 523 2428 adquam
533 2361 655 2414 modum⁸
665 2378 712 2414 rex
724 2361 790 2414 mihi
801 2361 929 2414 colendus
941 2361 988 2432 sit,
1019 2365 1109 2417 iscere.

196 2429 269 2508 Quos
287 2429 413 2498 equidem
425 2429 539 2484 victores
557 2447 618 2484 essa
637 2431 769 2502 confiteor,
785 2431 808 2484 si
827 2431 862 2485 ab
880 2430 933 2484 illis
950 2430 1044 2503 leges,
1058 2435 1110 2504 quis

195 2513 325 2570 vivamus,
338 2499 494 2570 accipimus.

225 2599 233 2662 l
244 2633 359 2693 ‘Prompt
370 2631 520 2692 cut-spoken
530 2633 709 2692 independence
720 2631 748 2683 of
760 2631 845 2740 spirit)
879 2631 1054 2685 Callisthenes
1067 2653 1109 2684 was

196 2708 212 2741 a
226 2693 306 2740 native
327 2690 355 2740 cf
374 2691 507 2752 Olynthus,
526 2692 572 2740 and
588 2709 602 2740 a
617 2691 719 2741 relation
740 2707 770 2740 an
807 2691 907 2751 disciple
929 2691 958 2740 ol
978 2697 1107 2750 Aristotle,

196 2751 301 2813 through
317 2767 401 2800 means
417 2749 445 2799 os
461 2751 543 2799 whom
558 2751 589 2798 he
604 2752 704 2800 became
720 2751 863 2810 acquainted
879 2751 939 2798 with
956 2753 1108 2804 Alexander.

197 2809 235 2857 He
243 2810 412 2870 accompanied
421 2811 462 2858 the
471 2810 531 2870 king
539 2825 569 2857 on
579 2810 617 2858 his
627 2811 766 2869 expedition
775 2811 826 2859 into
834 2811 904 2867 Asia,
913 2810 938 2858 in
947 2810 992 2860 the
1001 2815 1109 2874 capacity

197 2868 224 2915 of
236 2869 450 2930 historiographer;
469 2869 515 2917 and
526 2869 564 2917 his
578 2869 679 2929 history,
692 2869 792 2918 entitlcd
805 2875 906 2929 Περσικὰ,
920 2883 974 2917 was
987 2873 1065 2922 much
1076 2891 1107 2921 es·

197 2927 293 2975 teemed
304 2929 336 2988 by
347 2927 387 2976 the
399 2929 516 2984 ancisum,
530 2927 621 2989 though
632 2928 670 2976 his
681 2929 847 2988 descriptione,
861 2927 910 2976 dae.
922 2943 990 2978 were
1002 2933 1080 2992 given
1089 2934 1108 2980 in

197 3001 211 3032 a
222 2986 357 3034 somewhat
367 2987 496 3036 rhetorical
507 2987 579 3046 style.

225 3043 353 3101 'Petraeam
365 3047 477 3106 genetiva
486 3047 622 3108 praecoquis
633 3061 660 3094 or
666 3048 792 3108 praecocia,
808 3045 989 3107 ‘premeturely
1000 3049 1073 3109 ripa.¹

225 3113 234 3141 ¹
245 3121 251 3143 ‘
261 3115 355 3185 Nature
366 3117 425 3166 took
436 3118 502 3166 thern
513 3133 583 3179 away
592 3117 654 3168 from
665 3119 707 3167 the
717 3119 782 3180 sight
793 3118 822 3166 of
827 3119 936 3176 mortuis,
949 3119 1039 3170 before
1050 3123 1106 3172 tame

197 3177 255 3224 bore
266 3175 333 3223 them
345 3186 396 3224 rntc
407 3177 516 3225 heaven!

226 3239 234 3263 ⁴
245 3240 251 3261 ¹
262 3233 303 3281 No
313 3234 407 3288 doubt‚'
421 3235 553 3295 ironically.

226 3301 234 3326 ¹
246 3293 282 3340 ‘It
294 3293 314 3340 is
325 3308 356 3340 an
366 3293 443 3341 easier
453 3303 541 3342 matter
548 3294 585 3342 for
594 3309 641 3353 you
654 3294 714 3348 (that
725 3294 754 3349 is.
767 3294 893 3355 according
903 3303 929 3342 to
940 3309 1006 3355 your
1016 3311 1106 3360 system

197 3351 224 3400 of
236 3350 375 3410 procedure)
386 3360 411 3397 to
422 3351 503 3399 confer
514 3351 615 3410 divinity
625 3351 684 3399 than
693 3353 800 3411 empire.'

224 3428 233 3452 ⁸
247 3423 291 3470 ‘ln
301 3422 367 3490 what
375 3422 454 3480 wayr'
465 3422 506 3468 the
525 3437 596 3490 sense
615 3422 644 3478 is,
660 3425 801 3486 ‘according
816 3433 842 3473 tc
856 3424 921 3472 what
932 3429 1018 3478 men’s
1028 3433 1104 3493 way;'

197 3480 244 3528 and
255 3490 280 3528 to
291 3481 340 3528 thrs
354 3480 432 3528 ‘men'
446 3479 487 3527 the
503 3479 567 3540 Quas
577 3495 602 3526 ur
612 3479 654 3528 the
665 3491 722 3528 next
734 3493 848 3532 sentence
859 3483 942 3533 refers.
