2314 3886
469 262 560 302 ursus
580 261 643 338 qn..
951 249 1002 304 tet

90 391 168 432 more
179 381 335 428 mutassem.
372 373 450 426 Nunc
462 387 532 438 vero,
546 370 576 438 si,
590 377 617 421 ut
630 370 753 423 omnibus
765 370 867 442 diebus,
881 372 925 425 illo
943 389 1005 444 quo·

92 461 155 515 que,
169 445 214 513 qui
227 453 368 513 suspectus
380 450 428 508 est,
443 441 563 507 fecimus,
577 439 740 492 consuetudo
752 440 836 494 diluet
848 442 959 496 crimen.

128 519 154 568 5.
173 513 234 567 Sed¹
253 529 335 582 equos
352 509 497 578 Antiphani
515 525 567 560 non
593 507 733 562 dedimus!
763 521 789 562 et
816 512 900 580 pridie
924 529 1005 582 quarn

93 583 212 638 Philotas
232 583 354 635 detectus
374 589 422 648 est,
436 579 504 630 haec
524 577 591 630 mihi
613 595 675 630 cum
695 580 846 648 Antiphane
869 598 910 634 res
931 582 1003 636 erat!

93 654 140 722 qui
152 653 174 706 si
186 669 234 704 nos
246 659 384 719 suspectos
396 649 485 700 lacere
497 647 561 715 vult,
572 649 640 715 quod
656 647 698 698 illo
711 647 754 699 die
767 665 849 717 equos
861 667 911 702 non
925 651 1006 704 dede·

93 723 186 789 rimus,
213 722 394 789 semetipsum,
420 717 489 786 qnod
520 733 566 768 eos
596 715 793 786 desideraverit,
819 736 929 787 purgare
954 738 1005 774 non

93 792 198 862 poterit.
234 793 342 858 Anceps
365 788 439 840 enim
456 787 556 838 crimen
576 793 616 838 est
634 786 701 838 inter
719 787 877 840 retinentem
902 800 928 841 et
952 793 1005 844 exi·

92 870 220 930 gentem,
245 861 293 910 nisi
318 857 387 927 quod
412 855 505 908 melior
528 864 568 907 est
592 871 673 907 causa
697 872 775 908 suum
794 874 844 910 non
870 859 1004 928 tradentis,

93 946 176 998 quam
189 929 323 998 poscentis
334 927 460 978 alienum.
497 926 629 993 Ceterum,
644 941 697 993 rex,
712 941 794 993 equos
806 927 902 980 decem
915 927 1005 999 habui,

95 1016 112 1051 e
124 999 223 1068 quibus
235 996 400 1065 Antiphanes
411 1003 469 1047 octo
487 993 543 1062 jam
561 993 729 1048 distribuerat
742 995 790 1063 his,
805 997 848 1065 qui
861 998 1006 1052 amiserant

94 1084 166 1122 suos.
202 1067 325 1121 Omnino²
336 1064 403 1118 duos
421 1065 477 1134 ipse
495 1062 643 1116 habebam:
663 1081 729 1133 quos
747 1081 807 1117 cum
827 1066 905 1119 vellet
923 1067 1005 1121 abdu-

94 1154 158 1190 cere
171 1136 249 1189 homo
262 1135 473 1204 superbissime,
487 1141 559 1185 certe
572 1133 760 1202 iniquissimus,
774 1135 822 1187 nisi
842 1137 925 1204 pedes
937 1137 1005 1190 mili·

95 1216 152 1259 tare
165 1206 271 1272 vellem,
286 1205 398 1258 retinere
410 1203 533 1270 cogebar.
568 1203 594 1254 N
596 1219 627 1253 ec
640 1203 734 1256 infitias
746 1219 786 1274 eo,
800 1204 876 1258 liberi
892 1206 1007 1260 hominis

94 1275 186 1330 auimo
216 1276 331 1328 locutum
356 1290 416 1325 esse
440 1289 485 1325 me
508 1288 570 1325 cum
594 1272 772 1343 ignavissimo,
795 1283 824 1326 et
848 1275 898 1328 hoo
921 1293 1006 1330 unum

94 1345 208 1398 militiae
227 1362 291 1396 suae
310 1352 460 1414 usurpante,
482 1350 509 1394 ut
528 1341 628 1394 alienos
646 1357 730 1411 equos
748 1347 901 1412 pugnaturis
920 1346 1006 1399 ‹listri-

94 1414 169 1468 buat.
206 1415 264 1466 Huc
276 1413 348 1466 enirn
368 1412 497 1466 malorum
511 1420 619 1464 ventum
639 1422 687 1480 est,
701 1421 729 1464 ut
741 1413 824 1468 verba
836 1432 897 1468 mea
909 1416 1006 1470 eodem

95 1492 215 1553 tempore
234 1492 261 1536 et
280 1483 431 1536 Alexandro
449 1483 585 1550 excusem,
606 1488 634 1533 et
654 1481 806 1551 Antiphani.
843 1487 877 1538 At
896 1484 1006 1539 hercule

95 1563 184 1610 mater
206 1553 241 1606 de
266 1553 341 1606 nobis
364 1551 480 1604 inimicis
499 1551 552 1603 tuis
570 1551 689 1618 scripsit!
725 1552 833 1606 Utinam
852 1555 1008 1622 prudentius

95 1632 167 1676 esset
186 1622 296 1676 sollicite
314 1638 360 1692 pro
379 1622 441 1690 filie,
454 1633 481 1673 et
500 1620 562 1672 non³
573 1619 666 1675 inanes
682 1637 788 1690 quoque
806 1623 911 1692 species
928 1625 1007 1678 anxio

95 1694 185 1746 auimo
214 1693 348 1760 figuraret.
395 1691 482 1750 Quare
512 1689 585 1742 enim
615 1705 666 1741 non
695 1689 820 1744 adscribit
850 1704 938 1746 metus
967 1695 1008 1746 sui

95 1763 225 1816 causaml
244 1762 360 1830 denique
373 1777 425 1812 non
436 1757 551 1811 ostendit
564 1760 720 1812 auctoreml
750 1760 808 1818 Quo
820 1761 889 1814 sacto
902 1763 1007 1816 dictove

96 1840 183 1884 nostro
195 1839 267 1884 mota
287 1840 341 1883 tarn
362 1829 479 1898 trepidas
498 1828 547 1880 tibi
568 1826 669 1880 litteras
689 1829 811 1898 scripsitl
847 1832 1007 1886 Omiseram

96 1899 279 1956 condicionem
290 1915 389 1966 meam,
403 1899 464 1966 quia
476 1897 582 1949 forsitan
597 1913 646 1948 non
660 1899 833 1966 periculosius
851 1911 891 1953 est
910 1911 1006 1972 tacere,

96 1986 177 2038 quern
191 1968 298 2022 dicere!
331 1967 382 2020 Sed
395 1977 529 2034 utcunque
542 1981 649 2018 cessura
661 1982 703 2019 res
715 1976 762 2038 est,
773 1969 844 2022 melo
857 1970 904 2023 tibi
917 1970 1008 2024 defen·

97 2039 200 2091 sionem
218 2053 309 2089 meam
328 2035 477 2104 displicere,
496 2051 578 2102 quam
602 2051 719 2088 causam.
756 2039 893 2106 Agnosces
916 2049 1007 2094 auteru

97 2123 167 2176 quae
186 2107 305 2159 dicturus
323 2121 399 2172 sum,
423 2105 522 2174 quippe
542 2103 697 2172 meministi,
716 2123 779 2159 cum
799 2124 844 2160 me
861 2109 895 2161 ad
914 2109 1008 2180 perdu-

97 2176 197 2231 cendos
209 2193 243 2228 ex
254 2173 415 2228 Macedonia
433 2173 533 2226 milites
550 2175 676 2239 mitteres,
690 2173 788 2228 dixisse
808 2187 841 2247 te,
855 2178 952 2232 multos
970 2179 1009 2232 in·

98 2248 196 2314 tegros⁴
212 2245 325 2313 juvenes
343 2245 368 2296 in
387 2244 466 2296 domo
485 2252 545 2294 tuae
564 2243 656 2296 metris
674 2244 809 2298 abscondi.
847 2249 1009 2319 Praecepisti

98 2315 179 2384 igitur
202 2313 277 2382 mihi,
297 2331 331 2366 ne
354 2330 436 2383 quem
454 2323 558 2383 praeter
576 2322 603 2366 te
621 2313 744 2383 intuerer,
763 2315 811 2368 sed
830 2315 1009 2372 detrectantes

99 2385 219 2438 militiam
232 2383 405 2452 perducerem
418 2383 452 2435 ad
466 2393 501 2435 te.
537 2382 613 2441 Quod
633 2383 758 2452 equidem
776 2384 836 2455 leci,
850 2397 876 2440 et
889 2388 1007 2456 liberius,

118 2469 180 2510 uam
209 2452 369 2523 expediebat
398 2452 473 2522 mihi,
503 2463 633 2506 executus
665 2471 724 2506 sum
755 2463 828 2508 tuum
859 2457 1008 2528 imperium.

98 2472 230 2592 burgiam,
262 2523 427 2576 Hecataeum
456 2531 482 2574 et
513 2523 652 2590 Gorgatan,
683 2541 795 2592 quorum
828 2525 897 2578 bona
928 2543 1009 2597 opera

99 2595 187 2662 uteris,
202 2593 263 2645 iude
276 2593 395 2662 perduxi.
431 2591 501 2649 Quid
514 2591 593 2658 igitur
605 2591 721 2660 iniquius
732 2602 781 2663 est,
794 2611 875 2663 quem
887 2613 941 2667 me,
955 2597 1008 2667 qui,

99 2665 120 2718 si
140 2664 187 2718 tibi
208 2680 259 2716 non
278 2661 434 2732 paruissem,
446 2660 505 2729 jure
523 2660 634 2712 daturus
652 2660 701 2712 fui⁵
712 2679 819 2731 poenas,
833 2680 904 2717 nunc
922 2666 1009 2735 perire

99 2734 159 2802 quia
177 2733 272 2802 paruil
309 2732 406 2800 Neque
425 2730 498 2782 enim
518 2728 572 2782 ulla
590 2729 643 2782 alia
662 2731 740 2782 matri
760 2743 820 2784 tuae
832 2735 1009 2804 persequendi

99 2819 146 2856 nos
168 2819 249 2856 cauea
272 2810 320 2869 est,
340 2815 421 2870 quam
443 2797 512 2869 quod
537 2797 678 2850 utilitatem
703 2808 778 2852 tuam
795 2801 918 2856 muliebri
935 2820 1009 2873 prae·

100 2873 234 2941 posuimus
250 2875 376 2938 gratiae..
402 2869 454 2922 Sex
478 2867 552 2921 milia
577 2867 760 2922 Macedonum
779 2869 901 2940 peditum
919 2883 946 2926 et
964 2875 1009 2928 DC

100 2941 202 3010 equites
213 2939 320 3008 adduxi,
352 2955 444 2992 uorum
462 2954 523 3006 pars
542 2945 665 2990 secutura
684 2955 728 2990 me
749 2955 799 2992 non
821 2950 886 3011 erat,
900 2942 922 2995 si
940 2943 1009 2996 mili·

100 3010 162 3062 tiam
181 2958 389 3060 detrectantibus
407 3005 544 3075 indulgere
556 3006 709 3060 voluissem.
745 3007 869 3078 Sequitur
887 3028 957 3082 ergo,
971 3023 1007 3082 ut,

128 3137 199 3184 ¹'l'he
211 3137 364 3195 conjunctiora
375 3137 450 3197 ought
462 3137 572 3197 properly
584 3147 609 3184 to
620 3137 650 3184 be
661 3146 694 3184 ot.
728 3137 775 3186 See
787 3139 885 3200 Zumpt,
900 3141 913 3193 b
925 3145 976 3191 349.

126 3201 188 3248 '‘ln
200 3200 250 3254 all,’
264 3218 299 3258 or,
312 3217 325 3250 a
336 3217 407 3248 sense
420 3201 500 3250 which
511 3203 571 3250 with
581 3203 704 3250 numerals
716 3204 733 3252 it
745 3205 811 3254 osten
822 3207 866 3256 has
881 3206 969 3266 ‘only.’

39 3317 42 3322 ,
127 3266 191 3314 ‘For
202 3265 243 3313 the
254 3282 298 3314 use
309 3267 356 3314 and
367 3267 431 3317 force
442 3268 470 3316 ol
477 3278 498 3317 et
509 3282 557 3318 uun
566 3269 718 3332 introducing
727 3286 741 3320 a
749 3271 840 3327 clause,
854 3287 895 3320 see
907 3271 1006 3332 Zumpt,

100 3328 113 3379 l
124 3330 262 3440 lllSoundss
278 3384 320 3433 ‘lit
331 3383 367 3432 sor
378 3386 486 3435 service)

128 3450 288 3510 ¹Equivatenr
305 3461 330 3499 to
346 3451 479 3499 dedissem.-
498 3467 556 3500 near
566 3453 607 3501 the
618 3453 665 3502 end
681 3453 710 3502 of
721 3454 763 3502 the
779 3453 1009 3512 momenmentum

100 3519 147 3559 erut
158 3509 242 3558 stands
254 3509 290 3558 for
299 3519 379 3560 secuta
390 3519 458 3558 esset.
492 3511 538 3560 See
552 3511 632 3562 cram.
644 3513 673 3566 bl
685 3517 736 3571 149,
750 3513 798 3563 and
808 3514 860 3568 346,
875 3514 895 3560 1.
