2314 3886
457 237 550 278 marra
569 237 633 278 vm.
933 221 992 278 22³

81 345 172 400 vitam
185 359 202 398 a
213 344 355 415 semedpso
369 345 475 398 datam:
494 343 544 398 hoc
556 345 629 398 enirn
641 343 753 416 superbe
771 360 851 416 saepe
868 343 992 414 jactasse.

7 461 9 470 ,
82 417 178 484 Atque
190 413 265 467 illum
277 419 445 468 annotantem
458 415 545 468 adhuc
558 431 673 484 surgere,
686 415 732 483 qui
749 415 860 482 proximi
872 415 896 468 ei
910 415 991 470 cubu-

82 492 172 554 erant,
193 483 296 552 injectis
317 484 446 552 manibus,
466 483 601 552 jurgantes
623 497 814 552 monentesque
834 485 994 539 conabantur

7 557 10 564 '
82 552 231 606 abducere.
267 553 351 606 Clitus
372 570 435 606 curn
458 552 659 622 abstraheretur,
680 552 714 604 ad
737 553 876 622 pristinam
896 555 993 608 violen-

84 622 164 676 tiam¹
188 622 226 674 ira
249 639 353 692 quoque
375 621 488 691 adjecta,
512 639 559 675 suo
586 633 690 691 pectore
713 630 817 690 tergum
841 622 912 676 illius
933 639 994 676 esse

7 743 12 758 ,
84 691 248 759 defensum,
266 709 344 771 nunc,
357 702 497 770 postquam
516 691 580 744 tanti
599 691 686 744 meriti
704 691 867 760 praeterierit
879 699 993 762 tempus,

7 761 11 778 '
84 760 172 814 etiarn
201 777 358 814 memoriam
382 761 492 813 invisam
516 777 575 814 esse
598 759 750 830 proclamat·
786 757 875 814 Attali
890 778 994 830 quoqne

8 865 12 885 r
85 830 203 882 caedem
223 829 371 899 objiciebat,
391 839 417 882 et
434 828 469 881 ad
487 829 609 882 ultimum
627 829 706 899 Jovis,
727 845 807 898 quem
825 838 927 898 patrem
945 831 996 884 sibi

86 898 243 953 Alexander
254 911 391 966 assereret,
405 899 540 952 oraculum
552 898 670 965 eludens,
684 899 784 952 veriora
797 916 826 952 se
839 899 902 969 regi,
915 916 996 969 qnam

8 963 13 1026 f
86 976 195 1038 patrem
218 967 285 1036 ejus,
309 968 475 1036 respondisse
498 967 612 1020 dicebat.
647 969 707 1022 Jam
732 976 835 1021 tanturn
859 967 913 1020 irae
937 985 996 1020 con·

7 1083 9 1092 ,
86 1045 198 1105 ceperat
211 1053 264 1106 rex,
278 1046 407 1106 qnantum
420 1037 463 1089 vix
478 1037 579 1090 sobrius
597 1035 665 1088 ferre
683 1038 826 1106 potuisset·
855 1037 996 1090 Enimvero

7 1097 9 1154 ἶ
87 1105 165 1158 olim²
177 1121 249 1158 mero
262 1105 385 1159 sensibus
396 1106 480 1175 victis,
498 1123 532 1159 ex
549 1105 618 1158 lecto
636 1116 744 1174 repente
762 1105 888 1175 prosiluit.
924 1109 997 1160 Atto-

7 1235 8 1238 ,
87 1174 139 1227 niti
150 1174 239 1244 amici,
251 1192 286 1228 ne
298 1175 389 1244 positis
400 1175 516 1244 quidem,
527 1173 700 1244 sedabjectis
710 1175 820 1245 poculis,
830 1183 996 1246 consurgunt,

7 1257 9 1280 t
88 1245 117 1299 in
139 1253 264 1297 eventum
285 1245 330 1314 rei,
350 1261 431 1364 Yuam
455 1251 527 1296 tanto
551 1243 651 1312 impetu
671 1254 778 1297 acturus
798 1255 876 1314 esset,
895 1244 996 1297 intenti.

7 1357 8 1368 ι
88 1311 251 1381 Alexander,
266 1323 339 1382 rapta
364 1330 448 1366 annea
466 1331 501 1366 err
516 1313 640 1366 manibus
656 1314 788 1382 armigeri,
802 1313 899 1368 Clitum
910 1313 997 1370 adhuc

88 1382 189 1434 eadem
210 1382 317 1450 linguae
341 1382 543 1452 intemperantia
565 1381 696 1436 furentem
720 1391 857 1452 percutere
880 1392 998 1452 conatus,

7 1497 10 1528 ,
88 1467 107 1503 a
128 1451 281 1504 Ptolemaeo
304 1460 331 1504 et
354 1451 480 1504 Perdicca
499 1451 640 1505 inhibetur.
676 1452 806 1506 Medium·
819 1452 952 1522 complexi
971 1461 998 1505 et

7 1529 10 1572 ἒ
89 1519 221 1575 obluctari
240 1529 452 1590 perseverantem
473 1520 658 1588 morabantur,
675 1521 852 1590 Lysimachus
868 1532 895 1574 et
915 1523 998 1576 Leon·

90 1598 170 1641 natus
189 1589 270 1642 etiarn
291 1589 413 1644 lanceam
433 1589 606 1644 abstulerant.
644 1589 691 1642 llle
712 1591 828 1645 rnilitum
849 1591 932 1644 fidem
951 1591 998 1646 im·

90 1657 204 1728 plorans,
218 1658 405 1728 comprehendi
425 1677 454 1712 se
471 1677 488 1712 a
506 1659 633 1728 proximis
650 1660 804 1726 amicorum,
824 1659 893 1728 qnod
912 1660 999 1714 Dareo

90 1743 176 1796 nuper
184 1728 332 1796 accidisset,
343 1728 483 1796 exclamat,
492 1729 650 1796 signumque
660 1727 724 1780 tuba
736 1727 799 1797 dari,
809 1736 840 1799 ut
850 1727 885 1780 ad
898 1727 999 1796 regiam

7 1789 11 1824 ¹¹
90 1797 186 1850 armati
205 1797 312 1866 coirent,
332 1797 416 1866 jubet.
453 1797 522 1850 Tum
543 1813 604 1848 vero
623 1796 793 1850 Ptolemaeos
813 1805 840 1853 et
859 1797 999 1852 Perdiccas

7 1859 10 1892 ²
91 1866 206 1932 genibus
223 1865 338 1918 advoluti
356 1875 439 1944 orant,
457 1883 491 1917 ne
509 1866 535 1918 in
555 1874 609 1918 tarn
627 1866 764 1934 praecipiti
782 1866 820 1918 ira
838 1874 997 1935 perseveret,

92 1934 263 2002 spatiumque
286 1935 374 2004 potius
397 1951 486 1986 anrmo
509 1934 689 1990 detnomnia
712 1943 815 2003 postero
839 1935 881 1986 die
904 1933 999 2002 justius

7 2027 9 2052 r
92 2011 274 2055 executurum.
311 2002 361 2056 Sed
374 2002 479 2056 clausae
492 2003 661 2070 erant‘aures,
675 2002 842 2072 obstrepente
855 2003 913 2056 ira’
948 2005 998 2057 lta·

93 2087 146 2140 que
159 2071 290 2140 impotens
307 2071 401 2125 {animi⁴
412 2071 537 2140 procurrit
555 2071 582 2124 in
600 2072 691 2140 regiae
702 2072 871 2141 vestibulum,
885 2072 999 2141 strigili

8 2193 9 2200 ,
93 2139 235 2192 excubanti
253 2140 329 2193 hasta
346 2140 441 2209 ablata,
461 2141 574 2194 constitit
595 2140 622 2194 in
641 2139 723 2210 aditu,
743 2158 795 2210 quo
814 2157 924 2194 necesse
942 2150 999 2196 erat

7 2265 8 2270 ,
93 2207 143 2276 his,
156 2210 202 2278 qni
220 2208 297 2262 simul
316 2219 498 2278 coenaverant,
511 2209 609 2278 egredi.
645 2209 774 2264 Abierant
791 2211 881 2264 ceteri.
917 2211 1000 2264 Clitus

94 2277 204 2331 ultimus
227 2279 284 2331 sine
312 2278 411 2332 lumine
435 2279 532 2339 exibat.
576 2279 663 2338 Quem
688 2296 741 2349 rex,
765 2281 886 2349 quisnam
909 2280 1000 2334 esset‘l

7 2357 10 2366 '
94 2348 243 2415 interrogat.
279 2349 421 2402 Eminebat
439 2349 520 2401 etiam
539 2349 565 2402 in
578 2365 642 2401 voce
661 2349 776 2419 sceleris,
794 2350 864 2418 quod
882 2348 1000 2418 perabat,

94 2416 222 2469 atrocitas.
260 2415 293 2470 Et
307 2417 351 2469 ille
362 2417 417 2487 jam
428 2435 479 2470 non
492 2435 564 2487 suae,
575 2419 622 2471 sed
636 2419 706 2487 regis
717 2419 771 2472 irae
780 2435 891 2487 memor,
901 2418 999 2474 Clitum

95 2501 161 2555 esse,
182 2496 209 2538 et
228 2485 263 2538 de
280 2487 399 2539 convivio
426 2488 497 2540 exire
525 2487 665 2556 respondit.
702 2489 775 2541 Haec
799 2487 913 2540 dicentis
930 2487 1000 2542 latus

95 2554 170 2608 hasta
193 2555 336 2608 transfixit:
361 2556 550 2624 morientisque
572 2557 702 2623 sanguine
725 2573 857 2626 aspersus,
882 2556 894 2608 l
918 2572 997 2623 nunc,

95 2625 185 2694 inquit,
198 2623 234 2676 ad
249 2623 407 2694 Phillippum
420 2635 446 2677 et
459 2625 661 2684 Parmenionem
674 2633 700 2677 et
713 2625 843 2678 Attalum.

128 2699 152 2748 6.
171 2693 246 2746 Male
264 2693 388 2746 humanis
404 2693 517 2762 ingeniis
535 2703 627 2746 natura
644 2693 782 2764 consuluit,
796 2693 866 2764 quod
883 2693 998 2763 plerum·

95 2779 145 2832 que
168 2777 220 2816 non
244 2761 331 2815 futura
355 2761 401 2814 sed
425 2771 557 2818 transacta
579 2761 776 2832 perpendimus.
816 2763 920 2832 Quippe
944 2779 997 2831 rex,

96 2841 234 2902 postquam
258 2833 296 2884 ira
322 2839 412 2884 mente
436 2832 594 2898 decesserat,
611 2831 696 2883 etiarn
719 2832 847 2884 ebrietate
870 2831 998 2901 discussa,

96 2900 302 2967 magnitudinem
322 2901 444 2955 facinoris
462 2917 519 2954 sere
537 2901 721 2952 aestimatione
739 2901 881 2980 perspexit.
917 2900 998 2954 Vide·

7 3009 8 3026 ,
97 2969 139 3022 bat
152 2977 213 3020 tunc
225 2969 367 3023 immodica
386 2971 509 3024 libertate
528 2969 649 3036 abusum,
663 2969 710 3048 sed
730 2968 845 3038 alioquin
863 2970 999 3040 egregium

97 3035 164 3090 bello
182 3037 275 3106 virum,
289 3048 316 3090 et
333 3041 384 3092 nisi
402 3040 571 3094 erubesceret
586 3036 684 3106 fraterr,
698 3039 851 3092 servitorem
869 3039 918 3110 sui,
930 3040 999 3094 occi·

125 3165 132 3188 ¹
144 3159 198 3207 ‘To
208 3159 246 3208 his
257 3159 344 3208 former
355 3161 462 3210 violence
474 3161 523 3216 (the
534 3159 627 3208 natural
635 3176 711 3221 procu
721 3161 796 3208 animi
804 3161 920 3209 eontentio
931 3174 997 3210 meu·

98 3219 175 3267 tioned
191 3220 275 3274 above)
286 3219 353 3268 there
365 3237 415 3268 was
431 3235 486 3268 now
497 3219 574 3268 added
590 3219 683 3279 anger,’
701 3219 725 3268 iu
739 3234 905 3280 consequence
915 3218 944 3266 ol
956 3217 998 3268 the

99 3277 168 3327 insult
179 3277 207 3326 oi
219 3278 291 3384 beinf
302 3279 388 3326 turned
398 3289 440 3328 ont
451 3279 478 3326 os
490 3279 531 3326 the
543 3293 669 3338 company.

124 3341 134 3366 ²
145 3336 228 3442 ‘Lonff
240 3339 270 3386 be
280 3353 321 3386 ore
329 3337 346 3394 ;’
364 3340 418 3386 olim
428 3338 452 3406 in
463 3337 504 3406 the
511 3348 556 3406 ,not
568 3337 712 3397 unfrequent
722 3353 794 3388 sense
804 3337 832 3387 of
843 3339 939 3388 dudam.

125 3395 216 3443 '‘Whr
227 3411 240 3443 e
251 3396 328 3444 wrath
339 3397 411 3458 raged
422 3396 506 3444 wrthrn
516 3396 584 3444 him)

125 3455 208 3504 “Not
220 3455 292 3518 being
303 3456 430 3506 mosterol
441 3455 479 3504 his
490 3456 654 3504 excitantem)
