2410 3890
166 259 218 318 78'
431 277 471 316 na
496 275 602 316 snsrrs
625 275 810 316 arastunar.

166 383 303 453 fulgorem,
324 394 412 439 vastas
431 394 521 454 terras,
542 384 647 438 deserta
664 384 753 438 omnia
772 399 923 437 occurrere:
945 381 973 436 iu
992 381 1073 438 unius

166 454 281 510 hominis
291 454 461 525 jactationem
471 463 507 507 tot
520 455 623 508 milium
637 455 793 522 sanguinent
812 451 944 574 impendi:
964 449 1072 506 fastidio

166 541 226 577 esse
238 527 359 594 patriam,
372 525 497 579 abdicare
511 524 660 594 Philippum
676 538 786 594 patrem,
799 540 846 576 coe
859 540 903 576 um
915 522 990 574 vanis
1001 524 1071 590 cogi-

166 595 310 648 rationibus
327 596 443 664 peterat
470 595 531 648 Jam
549 610 630 664 prope
647 594 816 646 seditionem²
830 610 872 644 res
884 600 948 660 erat,
961 608 1025 645 curu
1035 591 1071 644 ad

166 664 264 716 omnia³
289 665 423 718 interritus
448 663 531 716 duces
560 664 745 734 principesque
775 663 890 716 militum
918 661 1073 732 frequentes

165 732 261 786 adesse
279 736 427 805 praetoric,⁴
444 735 644 804 Aegyptiosque
657 743 738 800 vates,
752 750 819 802 quos
831 731 896 785 coeli
909 747 941 786 ac
953 731 1071 786 siderum

165 803 339 870 peritissimos
356 819 416 858 esse
435 803 567 870 credebat,
584 802 647 871 quid
666 803 801 872 sentirent,
814 818 968 870 expromere
984 800 1070 882 jubet.

166 874 201 925 At
213 872 260 942 illi,
274 875 319 942 qui
332 875 396 926 satis
409 873 513 941 scirent,
533 883 681 942 temporum
701 872 778 926 orbes
795 873 907 942 impiere
924 871 1071 923 destinatas

165 943 246 1011 vices,
265 943 409 1013 lunamque
428 941 550 1012 deficere,
569 959 631 995 cum
650 950 696 994 ant
714 950 811 995 terram
828 942 935 1009 subiret,
951 949 997 992 ant
1015 939 1071 992 sole

165 1015 347 1081 premeretur‚⁶
366 1013 493 1064 rationem
512 1011 618 1081 quidem
638 1012 702 1082 ipsis
720 1020 870 1080 perceptam
889 1027 939 1063 non
958 1009 1071 1062 edocent

91 1107 95 1115 =
166 1081 276 1149 vulgus:
301 1089 421 1134 ceterum
440 1081 580 1150 affirmant,
603 1081 686 1134 solem
708 1081 876 1148 Graecorum,
898 1079 990 1132 lunam
1010 1095 1070 1131 esse

165 1151 312 1219 Persarum,
326 1153 501 1222 quotiensque
520 1150 564 1203 illa
582 1151 696 1217 deficiat,
711 1150 812 1202 ruinam
830 1158 944 1217 stragem
965 1165 998 1200 ne
1017 1147 1071 1200 illis

164 1221 289 1288 gentibus
312 1220 448 1289 portendi:
474 1231 616 1290 veteraque
637 1217 760 1288 exempla
780 1228 936 1287 percensent
978 1218 1071 1271 amidis

165 1305 265 1358 regum,
274 1305 340 1358 quos
351 1289 472 1343 adversis
483 1291 532 1342 diis
542 1306 682 1358 pugnasse,
691 1287 770 1342 lunae
779 1288 936 1340 ostendisset
944 1285 1070 1340 defectio.

164 1357 246 1410 Nulla
270 1376 311 1410 res
335 1359 530 1414 multitudinem
552 1359 688 1412 efficacius
710 1356 782 1426 regit,
803 1373 884 1426 quant
905 1358 1070 1426 superstitio;

165 1425 281 1496 alioquin
300 1428 449 1496 impotens‚⁶
460 1446 548 1495 saeva,
563 1426 704 1495 mutabilis,
720 1427 764 1481 ubi
776 1441 843 1480 vana
856 1426 981 1495 religione
993 1434 1071 1496 capta

164 1505 212 1562 est,
226 1496 323 1550 melius
336 1496 448 1567 vatibus,
462 1515 540 1566 quam
555 1496 667 1550 ducibus
679 1498 735 1549 suis
746 1508 828 1566 paret.
864 1496 946 1566 Igitur
959 1496 1031 1549 edita
1042 1497 1069 1550 in

164 1565 260 1633 vulgus
279 1567 473 1636 Aegyptiorum
496 1582 619 1636 responsa
640 1583 729 1618 rursus
747 1567 781 1620 ad
800 1583 876 1636 spem
896 1575 923 1618 et
944 1565 1070 1620 fiduciam

165 1651 273 1688 erexere
287 1645 427 1705 torpentes.
1033 1643 1035 1648 ’

199 1709 240 1756 40.
260 1706 323 1773 Rex,
338 1705 437 1772 impetu
456 1703 603 1758 animorum
618 1705 746 1758 utendum
760 1714 836 1772 ratus,
850 1705 967 1758 secunda
979 1704 1071 1773 vigilia

165 1785 251 1826 castra
263 1775 360 1827 movit:
380 1773 472 1826 dextra
490 1773 587 1841 Tigrim
608 1773 732 1843 habebat,
751 1791 767 1825 a
785 1773 861 1826 laeva
880 1785 990 1843 montes,
1004 1791 1071 1844 quos

165 1842 300 1896 Gordaeos
312 1845 426 1896 vocant⁷
460 1843 515 1896 Hoc
536 1844 726 1911 ingressuum,
740 1843 924 1914 speculatores,
939 1845 983 1913 qni
996 1861 1070 1914 prae·

166 1913 239 1966 missi
252 1915 334 1982 erant,
345 1913 395 1967 sub
407 1913 474 1966 lucis
486 1924 578 1981 ortum,
594 1914 706 1966 Dareum
719 1913 862 1966 adventare
875 1915 1069 1966 nuntiaverunt.

166 1983 294 2036 Instructo
307 1985 385 2052 igitur
397 1984 481 2036 milite
494 1993 519 2034 et
533 1983 676 2050 composito
688 1983 801 2050 agmine,
812 1982 998 2038 antecedebat.
1018 1983 1069 2038 Sed

166 2052 304 2107 Persarum
324 2053 475 2104 moratores⁸
492 2063 573 2120 erant,
595 2052 666 2105 mille
686 2051 776 2121 ferme,
790 2053 834 2121 qui
848 2053 967 2121 speciem
980 2052 1069 2120 magni

165 2121 278 2188 agminia
302 2121 433 2172 lacerant:
459 2121 557 2190 quippe
578 2121 623 2174 ubi
644 2121 770 2189 explorari
793 2137 854 2173 vera
878 2138 929 2174 non
951 2131 1069 2192 possunt,

165 2189 233 2241 falsa
256 2206 303 2258 per
326 2199 427 2242 metum
452 2198 589 2256 augentur.
626 2190 674 2241 llis
693 2191 809 2260 cognitis,
832 2207 877 2244 rex
896 2207 957 2244 curu
978 2191 1070 2260 paucis

165 2275 272 2310 suorum
289 2267 428 2310 assecutus
445 2275 541 2326 agmen
558 2259 743 2326 refugientium
757 2261 872 2328 adsuos,
885 2260 952 2314 alios
962 2261 1069 2330 cecidit,

164 2327 235 2396 cepit
244 2327 325 2380 alios:
342 2328 496 2396 equitesque
505 2329 641 2395 praemisit
653 2329 826 2399 speculatum,
837 2330 916 2383 simul
929 2339 957 2384 ut
971 2331 1068 2398 ignem,

164 2413 216 2464 quo
235 2395 339 2449 barbari
358 2406 539 2448 cremaverant
553 2397 632 2464 vicos,
651 2399 843 2466 extinguerent.
879 2399 983 2469 Quippe
1001 2399 1069 2466 sugi-

164 2509 308 2569 knowledge
319 2507 347 2556 of
359 2525 373 2556 a
383 2524 494 2556 common
505 2509 594 2558 soldier
604 2527 693 2572 among
704 2511 744 2560 the
757 2513 861 2569 Greeks,
874 2514 915 2562 the
927 2513 1009 2576 Tigris
1018 2530 1069 2564 was

162 2571 267 2630 munlly
278 2569 318 2616 the
330 2566 429 2616 furthest
442 2569 504 2616 river
515 2569 539 2616 in
551 2570 591 2616 the
603 2570 670 2618 Eaat.

192 2634 199 2658 ¹
212 2628 265 2676 The
277 2628 372 2688 subject
383 2627 404 2675 is
415 2627 525 2683 omitted,
538 2629 671 2677 eum-that
682 2630 711 2684 is.
722 2629 892 2680 Alexandrum.

191 2693 200 2718 ²
213 2689 246 2734 ‘A
257 2688 352 2747 mutiny
363 2701 413 2734 was
425 2687 567 2736 imminent.’
599 2687 678 2750 Prope
688 2689 708 2736 is
720 2689 829 2750 properly
840 2707 871 2738 an
881 2690 980 2748 adverb,
992 2693 1035 2740 hut
1047 2692 1068 2741 ir

163 2746 214 2794 also
226 2746 285 2793 used
296 2761 323 2793 as
334 2761 348 2792 a
359 2746 513 2805 proposition,
527 2747 659 2808 governing
670 2747 710 2795 the
722 2749 866 2798 accusative.

191 2809 200 2832 ¹
213 2805 262 2851 ‘At
273 2804 306 2851 all
317 2804 385 2854 these
397 2805 495 2866 things·

192 2863 234 2910 ‘A
247 2863 351 2922 military
362 2865 511 2924 expression,
523 2863 548 2912 in
559 2864 638 2913 which
653 2865 694 2913 the
710 2865 789 2914 dativa
802 2871 919 2931 praeterio
930 2869 951 2918 is
961 2867 1021 2918 used
1031 2869 1066 2916 in·

162 2921 231 2969 stead
242 2920 270 2968 us
277 2923 308 2969 ud
315 2925 467 2983 praetorium.

192 2980 265 3027 ’Tha
276 2981 387 3040 monthly
398 2982 493 3042 waning
504 2981 550 3048 arrd
561 2982 745 3043 disappearance
757 2983 785 3031 os
792 2983 833 3032 the
845 3001 916 3034 moon
927 2986 948 3034 is
958 3001 986 3034 so
996 3001 1066 3055 regu·

162 3040 197 3086 lar
207 3054 237 3086 an
248 3053 391 3088 occurrence
402 3056 428 3087 as
439 3050 464 3087 to
476 3051 553 3088 exorte
565 3042 589 3088 in
601 3058 628 3089 ns
640 3057 671 3089 no
681 3042 809 3100 particular
821 3044 924 3093 remark.
957 3045 1065 3102 Curuus,

162 3098 284 3152 however,
297 3097 381 3146 thinks
397 3113 482 3158 proper
497 3109 522 3146 to
539 3101 646 3148 mention
662 3101 714 3148 that
730 3101 770 3150 the
787 3103 941 3163 soothsayers
952 3119 1015 3152 were
1026 3120 1065 3153 ac·

162 3155 398 3277 wllllldlldl
403 3157 624 3277 llllllsrlhhlll
633 3159 965 3270 &lhillllllllllhl
972 3231 1056 3285 a...

163 3280 220 3322 ‘not
232 3274 360 3322 musterus
371 3275 440 3322 oue's
450 3275 512 3322 sels!
1058 3255 1065 3280 ’

161 3333 248 3440 Kdrkdd
261 3333 404 3394 Gordyaeos,
416 3333 504 3382 lor-the
515 3333 600 3393 people
610 3350 673 3384 were
686 3335 764 3386 called
777 3337 902 3400 Gordyoei,
916 3339 957 3388 the
968 3339 1068 3390 modern

190 3450 371 3512 ⁸‘Maranding
381 3449 528 3512 stmgglers!
561 3449 617 3502 The
632 3452 727 3503 French
742 3457 891 3513 κατακάων,
904 3456 951 3506 and
965 3455 1067 3520 English

162 3514 295 3567 mercarier,
308 3525 376 3560 come
387 3509 448 3560 from
458 3519 566 3560 motator.
