2438 3886
152 219 191 274 ἥ
416 235 455 275 aa
480 234 587 276 oasrrs
610 235 795 276 lanzanum.

150 357 213 396 cum
236 341 369 406 incondita
393 343 533 396 multitudo
558 343 675 398 maxime
699 353 804 412 propter
828 344 950 414 jumenta
972 346 1060 398 laxius

150 410 277 464 tenderet.
314 411 408 480 Itaque
426 429 458 464 eo
478 415 534 480 ipso
554 413 610 465 loco
630 412 724 465 metari
744 430 807 465 suos
824 424 911 466 castra
927 409 1059 483 jusserast

148 481 242 549 laetus,
253 479 324 550 quod
333 482 405 534 ororii
413 481 560 550 expetierat
570 493 636 550 roto,
649 485 674 534 in
688 483 743 534 illis
754 484 919 551 potissimum
929 484 1059 551 angustiis

148 549 346 602 decernendum
364 549 439 602 lore.2
474 551 606 618 Ceterum,
622 562 648 604 ut
662 552 727 603 solet
741 551 805 616 lieri,
820 569 880 605 cum
900 553 985 606 ultimi
1005 553 1057 606 dis·

148 619 264 670 oriminis
277 629 382 686 tempus
394 620 527 688 adventat,
542 623 567 673 in
581 621 786 674 sollicitudinem
799 635 875 674 versa
893 623 991 674 fiducia
1007 633 1057 676 est.

147 686 224 740 lllam
235 689 317 756 ipsam
328 687 466 756 fortunam,
478 706 530 757 qua
539 691 671 758 aspirante
682 706 723 740 res
733 701 785 742 tam
798 707 921 759 prospere
930 703 1057 761 gesserat,

147 757 294 826 serebatur,
305 775 355 809 nec
367 759 461 828 injuria
474 760 568 826 exhis,
579 777 647 828 quae
661 759 795 810 tribuisset
808 760 867 828 sibi,
878 777 959 830 qumn
971 771 1058 814 muta·

146 825 207 878 bilis
226 836 304 897 esset,
326 828 481 896 reputabat:
506 845 587 880 unam
609 845 747 896 superesse
768 839 882 897 nomem,
899 847 971 896 ,quae
992 831 1058 880 tanti

146 893 307 948 discriminis
324 907 470 948 moreretur
488 908 624 948 eventurn.
660 898 759 948 Rursus
777 898 940 964 occurrebat,
957 897 1058 964 majora

146 964 271 1034 periculis
284 967 408 1034 praemia,
420 975 446 1016 et
459 967 527 1018 sicut
539 964 651 1018 dubium
662 973 740 1032 esset,
749 981 782 1014 an
792 966 928 1035 vinceret,l
941 968 978 1018 ita
991 967 1056 1020 illud

147 1036 248 1104 utique⁴
260 1044 363 1088 certum
376 1051 443 1102 esse,
453 1034 563 1085 honeste
577 1045 602 1085 et
616 1051 678 1087 cnm
692 1050 788 1100 magna
801 1033 879 1086 laude
892 1037 1056 1088 moriturum.

146 1103 237 1172 ltaque
257 1120 366 1172 corpora
385 1103 483 1154 milites
500 1115 593 1155 curare
612 1103 696 1172 jussit,
710 1119 741 1154 ao
754 1103 850 1154 deinde
867 1107 948 1156 tertia
959 1104 1057 1172 vigilia⁵

146 1173 285 1224 instructos
298 1185 324 1224 et
336 1183 451 1225 armatos
463 1189 530 1223 esse.
563 1173 621 1240 lpse
634 1173 662 1224 in
673 1172 765 1242 jugum
778 1173 841 1224 editi
856 1177 953 1227 montis
964 1191 1057 1228 ascen·

146 1241 192 1310 dit,
207 1242 350 1311 multisque
369 1240 563 1293 collucentibus
581 1242 685 1294 lacibus
704 1243 785 1309 patrio
804 1259 876 1294 more
895 1245 1057 1300 sacrificium

146 1309 197 1362 diis
208 1311 375 1379 praesidibus
386 1311 435 1362 loci
449 1311 521 1364 fecit.
551 1312 666 1380 lamque
679 1313 793 1378 tertium,
804 1313 871 1364 sicut
884 1323 1056 1381 praeceptum

146 1387 209 1448 erat,
223 1380 327 1447 signum
348 1381 411 1433 tuba
429 1380 507 1432 miles
525 1390 673 1448 acceperut,
696 1381 780 1434 itineri
801 1382 879 1434 amul
900 1393 1005 1452 [iuratus
1022 1402 1055 1436 ac

145 1449 257 1518 proelio:
277 1458 436 1518 strenueque
454 1449 517 1518 jussi
532 1451 681 1521 procedere,
695 1451 794 1502 oriente
807 1450 866 1504 lbce
880 1462 1054 1521 pervenerunt

145 1517 179 1569 ad
199 1518 341 1588 ametistus,
360 1537 427 1588 quas
446 1536 576 1588 occupare
596 1521 776 1571 decreverant.
816 1521 929 1575 Dereurn
950 1524 1055 1590 triginta

142 1587 206 1639 inde
230 1588 313 1640 stadia
337 1589 432 1641 abesse
457 1590 595 1657 praemissi
616 1588 777 1641 indicabunt.
815 1591 890 1643 Tunc
910 1595 1054 1644 consistere

144 1673 241 1724 agmen
253 1657 335 1726 jubet,
349 1659 483 1727 armisque
498 1659 553 1726 ipse
566 1659 680 1726 sumptis
691 1659 776 1711 aciem
790 1661 900 1712 ordinet.

179 1731 220 1778 22.
240 1728 326 1780 Dareo
336 1728 481 1780 adventurn
498 1727 614 1780 hostium
628 1729 714 1796 pauidi
727 1731 1053 1801 agrestes'nuntiureruut,

144 1796 187 1848 rix
205 1797 323 1849 credenti
342 1812 484 1848 occurrere.
497 1797 587 1864 etiam,
601 1813 667 1864 quos
685 1807 713 1848 ut
732 1796 867 1864 fugientes
884 1800 1053 1868 sequebatur.

144 1865 1054 1938 Ergononmedioorisomniumanimoslormidoincesserat:quippe

143 1935 227 1988 itineri
237 1952 317 2004 quam
327 1935 424 2006 proelio
434 1935 549 2004 aptiores
558 1946 630 1988 erant
641 1953 646 1986 ι
662 1937 809 2004 raptimque
819 1953 892 1988 arma
902 1940 1052 2006 capiebant.

143 2003 193 2056 Sed
206 2006 264 2073 ipsa
276 2005 407 2058 festinatio
419 2005 625 2058 discurrentium
642 2021 756 2074 suosque
768 2005 802 2056 ad
815 2022 889 2058 arma
902 2009 1053 2062 vocantium

143 2074 270 2142 majorem
283 2085 385 2126 metum
399 2075 518 2127 incussit.
543 2076 595 2127 Alii
610 2076 634 2126 in
647 2077 740 2144 jugum
755 2076 852 2128 montis
863 2091 1009 2146 evaserant,
1025 2086 1053 2132 ut

142 2141 260 2196 hostium
268 2161 364 2211 agmen
379 2144 438 2195 inde
452 2143 630 2212 prospicerent
639 2160 646 2210 3
664 2161 747 2211 equos
766 2143 886 2212 plerique
905 2146 1052 2200 frenabant.

143 2213 247 2264 Discors
270 2213 410 2281 exereitus,
431 2230 481 2264 nec
504 2213 537 2264 ad
562 2229 645 2265 nnurn
669 2213 786 2264 intentus
809 2213 958 2281 imperium,
982 2217 1051 2268 vario

141 2282 257 2335 tumultu
269 2291 364 2334 cuncta
376 2281 535 2334 turbaverat.
574 2283 675 2334 Dareus
687 2281 760 2333 initio
772 2281 866 2350 jugum
878 2285 975 2338 montis
987 2301 1050 2344 cum

140 2361 214 2420 parta
233 2353 368 2420 copiarum
387 2368 516 2420 occupare
536 2351 634 2418 statuit,
648 2361 674 2402 et
690 2368 707 2402 a
719 2351 803 2403 fronte
816 2360 842 2404 et
855 2369 872 2404 a
884 2362 956 2420 tergo
969 2355 1051 2407 circu·

140 2421 254 2474 mitulus
277 2419 389 2488 hostem,
411 2438 427 2472 a
448 2420 514 2472 mari
536 2437 648 2489 quoque,
670 2437 721 2489 quo
741 2421 864 2474 dextrum
888 2421 947 2492 ejus
971 2441 1050 2476 cornu

141 2489 286 2558 tegebatur,
300 2490 366 2542 alios
377 2489 537 2558 objecturus,
552 2503 579 2542 ut
593 2490 710 2558 undique
723 2500 837 2558 urgeret.
865 2492 972 2544 Praeter
984 2493 1051 2548 haee

140 2559 229 2626 viginti
254 2559 328 2612 milia
352 2560 497 2629 praemissa
516 2577 578 2612 cum
600 2560 794 2626 sagittariorum
814 2578 902 2629 manu,
923 2563 1051 2629 Pinarum

138 2643 255 2697 amnem,
266 2628 311 2698 qui
323 2628 376 2681 duo
389 2629 497 2696 agmina
508 2628 683 2697 interfluebat,
695 2631 849 2698 transire„et
860 2629 977 2700 objicere
990 2649 1050 2688 sese

140 2697 321 2750 Macedonum
339 2697 422 2766 copiis
439 2697 567 2768 jusserat:
587 2699 608 2748 si
627 2698 655 2750 id
672 2708 806 2768 praestare
818 2716 868 2751 non
882 2715 996 2768 possent,
1010 2719 1050 2754 re·

140 2767 274 2818 trocedere
293 2768 319 2819 in
337 2777 449 2836 montes,
470 2777 495 2818 et
514 2769 618 2819 occulte
638 2769 777 2820 circumire
797 2769 906 2822 ultimos
925 2769 1048 2824 hostium.

139 2836 263 2888 Ceterum
282 2835 413 2888 destinata
432 2837 570 2890 salubriter
588 2838 659 2890 omni
682 2837 780 2889 ratione
799 2839 928 2906 potentior
946 2839 1049 2892 fortuna

139 2904 263 2957 discussit
273 2903 292 2956 :⁰
309 2905 408 2974 quippe
425 2903 467 2957 alii
481 2924 543 2974 prae
556 2916 629 2958 metu
643 2906 782 2974 imperium
795 2909 891 2975 exequi
904 2923 955 2960 non
968 2910 1049 2963 aude-

167 3021 174 3042 ¹
185 3013 303 3069 Jusserat.
317 3015 443 3078 forjussit,
457 3027 482 3062 to
493 3029 593 3074 express
605 3017 715 3076 rapidity.
747 3018 796 3064 See
808 3017 906 3078 Zumpt,
920 3019 994 3070 b508.

166 3073 286 3121 ”Curtius
297 3075 329 3122 mi
348 3075 374 3122 ht
385 3073 446 3122 have
458 3076 510 3122 said
520 3079 688 3124 decernendam
698 3093 755 3124 ease.
967 3089 971 3094 “

166 3132 322 3180 '‘Whether
357 3133 470 3181 evrould
490 3144 530 3181 not
549 3137 672 3193 conquer.’
705 3135 760 3182 The
779 3136 921 3194 expression
939 3146 1048 3186 statesa

137 3191 221 3298 {cuba
242 3191 399 3302 qupmimplies
418 3193 469 3240 also
488 3193 529 3240 the
548 3193 694 3254 probability
712 3193 740 3242 of
756 3195 797 3242 the
816 3193 967 3244 affirmative.
1000 3197 1047 3246 See

160 3261 236 3310 umpt
317 3287 323 3298 .

165 3316 173 3338 ¹
186 3312 235 3358 ‘At
246 3309 279 3358 all
290 3319 374 3358 events
383 3311 400 3367 ς’
416 3310 543 3358 ‘however
554 3321 654 3359 matters
666 3327 723 3371 may
732 3311 775 3359 fall
785 3314 845 3360 out)
1077 3342 1081 3352 ·

165 3369 249 3476 ’Thhm
261 3370 291 3427 is,
304 3369 364 3424 after
374 3368 502 3430 midnight‚
513 3385 540 3418 as
551 3369 591 3420 the
602 3369 672 3432 night
681 3385 733 3419 was
744 3371 840 3420 divided
850 3373 901 3421 into
911 3372 965 3422 four
975 3374 1047 3434 equal

137 3440 198 3476 wate
216 3445 251 3478 es.

163 3492 173 3518 ⁸
186 3487 348 3545 ‘Shattered’
363 3486 502 3536 ‘nullified'
