2264 3880
178 183 237 242 tta
446 200 485 240 oa
508 199 616 242 araris
637 199 822 243 cantuum.

177 309 347 380 prohiberet.¹
393 309 448 364 Sed
475 309 623 380 precarium
653 309 828 379 spernebatur
862 311 1023 381 importum
1050 313 1076 364 dt

197 379 293 432 rimam
312 379 427 450 ejulatus
445 379 471 432 in
491 397 539 432 ens
558 379 726 448 ploratusque
745 389 898 434 renovatus
918 393 980 434 est:
1004 379 1075 434 deinde

176 393 258 502 bituri
282 449 431 520 expectatio
454 449 480 502 in
503 449 573 502 'bitis
595 449 712 501 lacrimis
734 448 879 503 edentium
905 451 986 506 fecit.
1028 451 1075 504 tun

176 517 310 587 Perdicca,
331 519 402 588 regia
419 517 486 572 sella
504 519 532 571 in
549 529 721 587 conspectum
740 518 813 587 vulgi
830 519 911 590 data,
927 522 958 576 iu
977 537 1027 591 qua
1038 520 1075 572 die

175 585 257 639 denua
280 591 414 659 vestisque
435 587 581 650 Alexandri
604 604 666 640 cunr
689 588 771 640 armis
794 598 885 658 erant,
907 591 1025 656 anulum
1041 589 1074 644 ul

175 655 261 726 pridie
282 657 407 712 traditum
426 675 443 710 a
463 658 571 726 rogoin
592 657 688 710 eedem
707 657 771 710 sede
789 658 903 738 posuit;
924 675 1074 730 quorumu

227 735 254 779 tu
274 743 362 782 rursus
379 728 485 781 obortae
502 725 626 780 omnibus
643 725 769 780 lacrimae
787 737 971 796 integravere
991 730 1073 782 luetua.

188 796 211 848 't
235 795 376 878 Perdicca,
394 797 451 878 Ego
474 795 591 876 quidem,
616 795 707 865 inquit,
727 796 848 875 anulum,
871 815 931 878 quo
958 799 1005 854 ills
1026 797 1074 878 regal

175 875 257 1005 llll?
271 883 466 990 :alludit
483 864 1074 1014 uulullllllluudffitlll

175 1021 229 1073 qua
240 1005 331 1058 affecti
344 1021 444 1068 sumus,
457 1021 505 1076 par
522 1005 557 1058 ab
575 1006 648 1058 iratis
659 1005 710 1058 dtis
728 1006 877 1072 excogitari
890 1017 996 1076 potest,
1009 1019 1073 1060 tamo

174 1075 385 1142 magnitudinem
410 1091 506 1144 rerum,
527 1091 595 1144 quas
617 1075 680 1144 egit,
700 1073 868 1127 intuentibus
889 1077 1009 1136 credere
1026 1076 1074 1142 licet

174 1150 277 1198 tantum
297 1145 382 1198 virum
401 1145 466 1200 deos
483 1144 702 1198 accommodasse
721 1143 799 1198 rebus
817 1143 965 1217 humanis,
987 1161 1076 1216 querna

175 1222 243 1266 sorte
263 1215 403 1284 completa,
423 1214 476 1268 cito
496 1221 646 1284 repeterent
665 1229 729 1266 sum
748 1229 813 1266 suae
833 1215 940 1284 stirpi.l
988 1215 1075 1270 Proluit

173 1284 299 1351 qnoniam
318 1282 383 1336 nibil
400 1283 472 1336 aliud
490 1300 524 1336 ex
542 1299 574 1335 eo
592 1291 719 1352 superest,
738 1299 819 1352 quam
836 1284 914 1352 qood
937 1283 1076 1355 semperab

173 1351 372 1404 immortalitate
395 1351 538 1422 seducitur,
562 1350 663 1424 corpori
686 1351 839 1420 hominique
865 1370 957 1422 quam
982 1355 1076 1426 prtum

171 1419 243 1492 justa
266 1421 407 1491 solvamus,
426 1420 498 1476 haud
516 1421 590 1476 obliti
618 1422 644 1474 in
662 1437 715 1490 qua
731 1421 803 1489 urbe,
823 1422 989 1494 intorques
1007 1427 1076 1490 sium

173 1489 245 1560 quali
264 1490 387 1560 praeside
407 1507 440 1544 ac
459 1507 522 1560 rego
542 1508 589 1562 spo
601 1491 654 1544 lati.
690 1489 873 1545 Tractandum
891 1504 948 1560 est,
967 1492 1076 1548 commill-

173 1561 256 1628 thnes,
280 1561 512 1632 cogitandumque,
537 1571 566 1614 ut
588 1561 727 1614 victoriam
751 1569 854 1630 partam
881 1562 960 1617 inter
982 1562 1075 1632 hoqde

173 1630 271 1700 quibus
283 1639 358 1701 parta
369 1640 418 1701 est,
428 1630 547 1685 obtinere
557 1631 696 1700 possimus.
725 1630 817 1699 Capite
828 1647 899 1699 opus
910 1643 969 1686 est.
996 1633 1075 1686 Hocine

173 1715 234 1768 uno,
248 1717 281 1754 an
294 1699 433 1770 pluribus,⁸
445 1701 470 1753 in
483 1709 572 1753 restra
584 1707 715 1770 potestate
728 1708 777 1752 est.
814 1698 884 1752 lllud
894 1701 1075 1768 scircdebeta

172 1769 316 1824 militarem
329 1770 387 1823 sine
398 1769 468 1823 duce
480 1769 585 1822 turbam
598 1785 692 1838 corpus
703 1785 763 1822 esse
776 1767 833 1821 siue
844 1769 960 1838 spiritu.
999 1772 1076 1826 serus

173 1841 274 1892 mensis
296 1851 344 1910 est,
370 1855 405 1893 ex
427 1855 480 1910 quo
503 1839 611 1894 Roxane
637 1854 785 1908 praegnans
811 1845 869 1890 est:
901 1851 1040 1910 optamus,
1059 1853 1077 1892 nt

172 1925 274 1962 marem
293 1909 415 1978 enitatur,
434 1907 511 1979 cujus
529 1925 639 1975 regnum
657 1908 710 1962 diis
726 1907 941 1977 approbantibus
963 1910 1076 1975 futurum,

171 1979 332 2048 quandoque
349 1978 515 2032 adoletrerit.⁴
550 1977 660 2030 iuterim
676 1993 694 2030 a
710 1976 881 2046 quibus'regi
895 1979 995 2033 velitis
1013 1979 1076 2033 desti

171 2056 243 2100 nate.
280 2049 354 2102 Haeo
366 2048 500 2102 Perdicca.

207 2121 249 2167 20.
268 2117 338 2170 Tum
358 2115 504 2186 Nearchus,
525 2115 670 2168 Alexandri
690 2114 769 2168 modo
791 2115 960 2183 sanguinem
980 2135 1017 2172 ao
1037 2119 1078 2172 stir-

207 2203 233 2238 m
248 2187 335 2254 regiae
354 2185 488 2255 majestati
507 2185 657 2254 convenire,
671 2185 814 2251 neminem,
827 2185 874 2253 ait,
888 2201 975 2255 posse
992 2187 1079 2242 mirari.

193 2263 296 2306 eterum
318 2253 454 2324 expectari
477 2255 596 2308 nondum
620 2264 706 2307 ortum
730 2271 828 2324 regem,
850 2264 879 2306 et
904 2257 957 2325 qni
978 2257 1037 2327 jam
1057 2259 1079 2310 sit

170 2324 313 2394 praeteriri,
336 2340 386 2376 neo
404 2323 502 2376 animis
523 2324 705 2376 Macedonum
724 2323 865 2376 convenire
897 2341 955 2381 noo
977 2327 1079 2396 tempon'

170 2409 269 2445 rerum.
305 2393 401 2446 Esses
414 2392 532 2445 barsine⁵
544 2393 629 2446 filium
641 2394 725 2462 regis:
739 2391 801 2445 huic
813 2363 947 2448 diadema
960 2397 1079 2452 dandum.

170 2463 244 2516 Nulli
265 2462 388 2530 placebat
407 2461 498 2515 oratio.
535 2462 628 2531 ltaque
648 2477 696 2515 suo
715 2478 789 2514 ruore
810 2461 896 2515 hastis
916 2479 1004 2520 scuta
1028 2482 1079 2536 qna·

170 2531 276 2586 tierrtesl
299 2533 451 2602 obstrepere
489 2530 685 2584 erscverabant.
720 2531 836 2600 Jamque
855 2547 943 2602 prope
963 2535 1001 2588 ad
1025 2535 1102 2606 sedi3

169 2603 269 2656 tionem
282 2608 463 2672 pervenerant,
504 2601 599 2654 earcho
616 2599 783 2669 pervicacius
802 2610 893 2654 tuente
912 2606 1081 2658 sententiaru-

170 2671 240 2727 Tum
271 2672 430 2741 Ptolomeus,
456 2671 542 2739 Digne
564 2686 668 2740 prorsus
691 2678 733 2724 est
756 2669 867 2740 soboles,
892 2670 995 2744 iuquit,
1022 2690 1082 2744 quae

198 2825 205 2849 ¹
219 2821 317 2869 ‘When
334 2822 395 2878 <thet
411 2821 441 2876 is,
462 2819 612 2880 ‘although'l
628 2821 669 2867 tlro
685 2819 768 2868 herald
788 2819 866 2868 called
886 2837 919 2882 up
938 2824 1017 2875 thoes
1033 2841 1080 2874 con·

167 2880 256 2928 oerned
267 2882 299 2940 by
311 2895 390 2937 name,
403 2879 450 2928 and
461 2879 557 2927 refused
569 2894 652 2927 access
663 2888 689 2927 to
700 2879 742 2927 the
753 2878 852 2929 others!

196 2949 206 2973 ²
218 2944 298 2992 ‘Thur
310 2945 368 3005 they
379 2945 456 3006 might
468 2945 539 2995 claim
550 2945 600 2994 him
612 2944 648 2992 sor
658 2945 721 2993 their
731 2960 787 2993 own
797 2945 869 2993 race'

196 3005 330 3056 'Pluribus
341 3008 415 3056 relers
427 3018 452 3056 to
463 3007 504 3056 the
516 3007 644 3068 preceding
652 3009 738 3070 capite.-
755 3009 940 3060 ‘whethorthis
951 3011 1023 3065 head
1034 3017 1054 3064 is
1064 3027 1082 3062 u

166 3066 196 3114 be
208 3081 253 3114 one
265 3082 292 3113 or
303 3082 369 3114 more
381 3068 482 3122 (heads).
495 3067 551 3117 isin
564 3083 624 3128 your
634 3069 733 3126 power.’

194 3137 203 3160 ⁴
218 3130 364 3192 Quandoque
373 3130 408 3181 sor
419 3135 609 3192 quandocunque.
642 3131 689 3179 See
699 3131 797 3192 Zumpt.
810 3131 887 3184 lssssss.

195 3203 203 3226 ¹
213 3193 314 3242 Barsine
326 3209 377 3242 was
387 3193 428 3242 the
440 3195 527 3244 widow
537 3195 566 3243 of
577 3196 618 3244 the
635 3194 736 3244 Persian
752 3195 909 3246 commender
919 3197 1079 3250 Memuouol

167 3253 275 3307 Rhodes,
288 3252 335 3301 and
345 3251 486 3312 adaughter
496 3253 524 3301 os
535 3254 577 3302 the
588 3253 690 3302 Persian
701 3255 844 3303 Artabazus.
876 3256 926 3305 See
938 3259 976 3308 iii.
988 3265 1030 3310 35.

191 3321 201 3345 ·
213 3315 360 3374 Equiveleut
369 3324 395 3364 to
405 3318 570 3374 concutientes,
575 3319 703 3378 falcatos,
718 3323 758 3367 ‘to
768 3318 845 3368 shake
855 3335 872 3370 a
880 3320 958 3386 thing
969 3326 1005 3388 hy
1015 3324 1079 3375 suil-

165 3372 206 3432 ing
216 3382 240 3420 at
251 3375 286 3421 rt.’
