2314 3886
482 282 574 324 arasa
594 283 647 324 rrr.
967 267 1022 324 183

107 397 148 452 ru
172 399 298 466 Amynta,
316 394 424 464 ignosce
442 391 515 445 fratri
534 401 587 445 tuo.
624 392 681 446 Erit
698 391 749 446 hoo
760 392 925 464 simpliciter¹
942 392 1024 446 etiam

107 437 176 522 mihi
188 464 349 520 reconciliati
361 462 443 516 animi
455 463 491 515 tui
505 462 609 532 pignus.

144 541 168 590 7.
187 534 315 589 Contione
340 532 438 586 deinde
463 531 580 600 dimissa,
605 530 799 602 Polydamanta
826 533 914 586 vocari
939 532 1024 602 jobet.

109 607 201 676 Longe
230 602 437 673 acceptissimus
460 601 629 654 Parmenioni
652 610 715 670 erat,
740 602 876 670 proximus
899 603 974 655 lateri
998 603 1025 656 in

108 677 167 729 acie
180 684 248 728 stare
261 674 362 726 solitus.
394 673 427 725 Et
440 686 603 740 quamquam
616 671 778 724 conscientia
789 671 873 724 fretus
885 675 912 724 in
924 689 951 724 re
971 673 1025 726 iam

108 753 226 813 venerat,
245 755 343 810 tamen,
362 750 392 795 ut
414 739 504 810 jussus
524 749 565 792 est
587 739 682 792 fratres
699 755 762 793 suos
779 740 913 810 exhibere,
932 690 1024 794 aimo-

110 815 188 868 dom²
203 814 317 884 juvenes
335 819 363 864 et
381 811 435 878 regi
453 809 556 877 ignotos
572 808 607 862 ob
624 817 750 879 aetatern,
768 809 867 866 fiducia
884 811 910 863 in
930 811 1025 863 sollici·

109 885 229 938 tudinem
244 899 328 951 versa,
341 879 472 949 trepidare
485 879 578 949 eoepit,
592 879 699 948 saepius
716 897 785 949 quae
802 895 898 932 nocere
910 888 1025 950 possent,

110 971 190 1023 quam
215 952 312 1021 quihus
336 967 365 1003 se
385 956 510 1018 tueretur,
529 956 663 1018 reputans.
698 949 760 1003 lam
779 949 911 1019 armigeri,
930 950 1027 1018 quibus

110 1025 146 1076 ini
168 1031 270 1075 eratum
296 1028 359 1088 erat,
384 1017 560 1088 produxerant
588 1034 642 1087 eos,
667 1033 731 1071 eum
759 1035 924 1087 exsanguem
951 1027 1027 1072 rnetu

111 1041 305 1146 Poidumanta
317 1105 362 1159 pro
383 1091 423 1141 ius
437 1087 675 1156 accedere-jobet:
695 1087 877 1157 submotisque
895 1087 1026 1158 omnibns,

111 1110 225 1229 sceiere,
247 1159 341 1230 inquit,
362 1106 544 1211 iarmentonis
563 1173 657 1209 omnes
676 1157 775 1228 pariter
793 1174 809 1210 a
830 1158 906 1227 petiti
925 1174 1026 1227 sumus,

111 1231 230 1285 maxime
243 1245 292 1298 ego
304 1245 336 1280 ec
349 1237 385 1297 tu,
399 1243 465 1297 quos
483 1226 617 1279 amicitiae
636 1227 726 1297 specie
744 1175 849 1280 feseliit.
885 1226 927 1281 Ad
946 1243 1027 1297 quem

111 1299 327 1370 persequendum
345 1296 564 1367 puniendumque
583 1295 656 1366 (vide
674 1306 803 1365 quantum
820 1296 885 1350 fidei
898 1305 960 1349 tuae
972 1313 1027 1350 ore·

112 1371 188 1437 darn)
200 1377 226 1422 te
239 1368 358 1422 ministro
371 1367 409 1419 uti
421 1365 510 1420 statui.
545 1365 666 1435 Obsides,
680 1366 746 1418 dum
764 1366 815 1420 hoc
826 1367 938 1437 peragis,
951 1373 1028 1420 erunt

112 1439 207 1492 fratres
225 1439 272 1491 tui.
309 1437 479 1490 Proficiscere
497 1436 524 1489 in
542 1435 673 1504 Mediam,
687 1443 714 1488 et
732 1435 766 1488 ad
785 1435 933 1506 praefectos
951 1453 1027 1490 meos

113 1509 215 1561 litteras
227 1507 337 1577 scriptus
354 1523 435 1559 manu
454 1521 516 1559 mea
534 1505 630 1575 perier.
666 1505 816 1559 Velocitate
834 1521 901 1574 opus
913 1514 962 1574 est,
975 1522 1029 1576 qua

112 1578 279 1631 celeritatem
291 1577 380 1629 famae
393 1574 547 1629 antecedes.
582 1575 670 1628 Noctu
683 1575 822 1645 pervenire
840 1575 904 1628 illue
920 1584 948 1627 te
961 1575 1028 1644 volo,
1112 1579 1117 1588 '

112 1659 216 1718 postero
237 1647 288 1716 die,
309 1661 378 1768 quae
398 1646 497 1716 scripta
515 1651 600 1713 emnt,
620 1645 726 1713 exequi.
763 1645 806 1698 Ad
826 1644 1030 1698 Parmenionem

114 1733 219 1787 quoque
231 1717 316 1787 episto
326 1731 357 1768 aa
373 1714 453 1784 feres,
466 1731 548 1768 unam
560 1729 576 1766 a
588 1729 642 1783 me,
655 1713 767 1767 alteram
785 1712 905 1768 Philotae
923 1714 1031 1768 nomine

113 1788 164 1840 scri
185 1796 248 1840 tarn.
284 1786 394 1854 Signum
411 1784 486 1837 anuli
497 1782 558 1852 ejus
569 1783 596 1836 in
608 1799 672 1836 mea
682 1791 813 1853 potestate
831 1791 880 1836 est.
916 1782 944 1836 si
955 1792 1032 1853 pater

113 1805 205 1910 metim
216 1873 233 1908 a
244 1855 298 1908 filio
311 1855 479 1924 impressum,
493 1869 557 1905 cum
569 1860 596 1905 te
607 1852 717 1922 videret,
730 1851 795 1906 nihil
807 1859 920 1906 metuet.

149 1929 174 1978 8.
193 1924 362 1994 Polydamas,
393 1929 465 1975 tanto
494 1921 621 1975 liberatus
648 1929 722 1974 metu
762 1921 909 1990 impensius
938 1921 1033 1973 etiam¹

115 2009 197 2064 quam
215 1992 377 2061 exigebatur,
390 1991 518 2061 promittit
535 2005 653 2060 operam.
689 1961 913 2060 Coilaodetusque
930 1997 957 2042 et
976 2004 1031 2059 pro·

114 2063 206 2116 missis
223 2071 354 2128 oneratus,
372 2059 493 2130 deposita
510 2069 594 2129 vaste,
613 2077 695 2129 quam
712 2059 837 2130 habebat,
858 2059 973 2113 Arabica
991 2058 1030 2111 in·

115 2131 224 2184 duitor.⁴
258 2132 316 2184 Duo
338 2129 450 2200 Arabes,
474 2145 587 2200 quorum
610 2129 717 2183 interim
739 2129 866 2198 conjuges
888 2145 921 2182 ae
945 2127 1030 2199 liberi,

115 2200 252 2254 vinculum
264 2200 335 2270 fidei,
349 2199 456 2253 obsides
467 2199 538 2268 apud
550 2215 643 2268 regem
654 2207 737 2268 erant,
750 2199 806 2252 dati
823 2199 943 2253 comites.
980 2198 1032 2252 Per

115 2269 222 2324 deserta
234 2271 315 2323 etiam
328 2268 362 2322 ob
380 2268 531 2322 siceitatem
547 2268 612 2338 loca,
626 2268 738 2322 camelis
749 2268 892 2322 undecima
903 2268 967 2337 die,⁵
978 2283 1032 2338 quo

115 2341 303 2409 destinaverat,
322 2338 487 2409 perveniunt.
525 2339 559 2392 ttt
577 2340 650 2408 prius
687 2355 749 2392 uam
767 2339 850 2408 ipsius
867 2339 1031 2392 nuntiaretur

114 2409 253 2479 adrentus,
267 2425 356 2462 rursus
374 2408 534 2478 Polydamas
551 2416 656 2462 vestem
706 2407 878 2462 acedonicam
896 2408 985 2476 sumit,
1004 2414 1031 2459 et

115 2481 142 2533 in
164 2479 367 2534 tabernaculum
387 2476 510 2530 Cleandri
533 2479 648 2548 (praetor
668 2476 713 2532 hio
736 2479 823 2546 regius
846 2477 914 2547 erat)
938 2484 1030 2546 quarta

114 2549 205 2618 vigilia
218 2547 347 2619 pervenit.
383 2547 505 2600 Redditis
515 2546 614 2599 deiude
625 2547 728 2616 litteris,
741 2548 933 2600 constituerunt
946 2547 1031 2616 prima

114 2619 176 2674 luce
188 2620 222 2672 ad
235 2617 438 2672 Parmenionem
451 2615 542 2669 coire.⁸
576 2617 703 2686 Namque
715 2617 797 2670 ceteri
808 2632 922 2686 quoque,
935 2614 1032 2683 quibus

114 2688 217 2741 litteras
235 2688 306 2757 mgis
321 2685 453 2750 attulerat,
466 2685 501 2738 ad
519 2701 583 2738 eum
600 2686 705 2739 venturi
722 2693 803 2738 erant.
842 2686 904 2738 Jam
922 2683 1030 2736 Parme·

116 2758 187 2810 aioni
199 2757 393 2827 Polydamanta
410 2755 515 2808 venisse
533 2754 728 2807 nuntiaverunt.
764 2754 817 2813 Qui
834 2753 898 2806 dum
917 2753 1031 2806 laetatur

114 2826 231 2880 adventu
252 2826 341 2894 amici,
361 2824 440 2878 simul
460 2841 494 2878 ue
513 2823 647 2893 noscendi,
665 2839 734 2893 quae
754 2839 801 2878 rex
819 2830 919 2892 ageret,
935 2821 1030 2876 avidus
1053 2885 1056 2890 ¹

115 2895 225 2965 (quippe
238 2894 313 2964 longo
333 2841 471 2948 intervalia
488 2892 588 2947 nullam
608 2892 643 2946 ab
661 2908 693 2946 eo
711 2891 849 2963 epistolam
868 2892 1028 2963 acceperat),

115 2964 307 3034 Polydamanta
326 2964 425 3034 requiri
444 2963 529 3033 jubet.
564 2963 714 3015 Diversoria
732 2961 847 3030 regionis
866 2961 936 3014 illins
955 2977 1029 3030 mag·

144 3083 150 3105 ¹
164 3075 352 3136 ‘Complete1y‚'
368 3075 574 3136 ‘unreservedly‚’
587 3074 722 3124 connected
734 3074 792 3123 with
804 3076 953 3124 recmrcilieti.

142 3140 152 3165 ²
164 3140 170 3162 ⁸
180 3135 297 3191 Rather3'
310 3145 351 3182 not
362 3151 390 3182 so
401 3147 485 3196 strong
496 3151 522 3184 es
533 3137 609 3192 ualde,
626 3135 716 3194 ‘very’

142 3199 152 3282 z
164 3192 682 3302 i{tiliymffleffiimif·⁰‘2⁰¹¹¹ph³ti⁰³ssy'’
716 3193 762 3242 See
774 3193 872 3254 Zumpt,
886 3193 964 3244 5486.

143 3269 223 3361 eThiea
235 3268 312 3360 siggeri
321 3269 551 3380 reiiiitiauin'raptd
564 3313 676 3380 journey,
689 3327 734 3360 one
746 3311 826 3360 which
842 3310 913 3360 could
928 3309 987 3371 only
997 3312 1028 3359 be
1070 3301 1072 3305 ’

114 3371 249 3432 performed
260 3371 321 3420 with
330 3385 390 3431 very
401 3385 447 3418 swr
458 3381 465 3418 t
477 3371 575 3419 camele.
608 3370 679 3418 With
690 3371 801 3432 ordinary
812 3371 903 3419 camele
914 3369 956 3418 the
968 3369 1027 3418 time

114 3447 172 3480 ooou
190 3431 228 3480 ied
241 3446 290 3479 was
302 3429 361 3478 from
373 3429 449 3490 thirty
459 3439 484 3478 to
494 3430 558 3490 sorry
568 3429 637 3490 days.

140 3497 150 3521 ⁸
189 3500 214 3539 ot
225 3489 282 3549 only
293 3489 363 3538 these
374 3499 433 3546 two,
446 3490 489 3537 but
505 3489 557 3540 also
573 3488 615 3538 the
631 3487 722 3548 others,
735 3489 791 3538 who
802 3505 842 3538 ere
853 3485 992 3538 mentioued
1003 3487 1027 3538 in

114 3548 155 3597 the
165 3559 223 3598 next
234 3557 356 3598 sentence.
