2264 3880
467 299 558 338 arsuri
578 300 620 339 rx.
939 285 997 338 285

84 406 193 477 Quippe
211 407 308 460 occisis
325 407 484 476 quibusdam
503 407 687 476 popularium,¹
699 407 744 476 qui
763 408 905 460 validiores
923 417 996 460 erant

86 493 165 528 arma
177 486 297 546 spectare
309 485 458 546 coeperunt,
472 486 498 528 et
511 477 648 530 Bactriana
660 494 730 545 arce,
744 495 811 546 quae
832 495 896 529 casu
916 477 997 545 negli-

86 547 196 612 gentius
215 555 349 598 asservata
369 555 432 615 erat,
452 555 588 615 occupata,
602 545 726 598 barbaros
745 563 850 614 quoque
870 547 895 598 in
917 548 996 600 socie·

5 673 6 680 ,
88 625 176 666 tatem
198 615 355 667 deiectionis
385 615 550 684 impulerant.
587 615 771 668 Athenodorus
797 625 851 666 erat
876 617 999 684 princeps

87 699 192 751 eorum,
206 685 251 752 qui
264 685 333 752 regis
344 701 448 754 quoque
461 701 556 736 nornen
568 693 755 752 assumpserat,
767 692 880 736 nontam
895 685 998 754 imperii

88 752 227 820 cupidine,
240 771 319 822 quarn
339 754 364 804 in
384 753 497 821 patriam
516 753 662 804 revertendi
680 769 744 805 curn
762 752 870 821 his,qui
888 754 997 804 auctori-

6 877 7 880 Ἴ
90 830 177 872 tatem
195 823 276 890 ipsius
295 822 480 890 sequebantur.
516 823 584 874 Huic
597 822 655 875 Bito
673 822 780 890 quidam
799 823 911 873 nationis
929 822 997 891 ejus·

89 890 164 957 dem,
178 892 224 942 sed
237 891 270 942 ob
282 890 490 943 aemulationem
503 891 619 960 infestus,
629 891 791 959 comparavit
804 890 920 957 iusidias,
934 893 998 942 invi-

5 997 7 1030 ,
91 969 230 1036 ratumque
249 959 283 1011 ad
303 960 395 1028 epulas
414 976 460 1029 per
479 960 579 1012 Boxum
598 959 729 1028 quendam
755 959 950 1012 Macarianum²
974 961 997 1011 in

5 1083 7 1102 ,
91 1033 213 1079 convrvio
232 1029 336 1080 occidit.
374 1029 479 1080 Postero
502 1029 546 1080 die
567 1030 688 1082 contione
707 1028 835 1080 advocata
855 1029 911 1100 Bito
932 1028 998 1081 ultro

5 1141 7 1152 ,
92 1097 247 1150 insidiatum
260 1099 311 1150 sibi
324 1097 522 1150 Athenodorum
535 1097 666 1166 plerisque
679 1107 861 1166 persuaserat:
881 1099 926 1150 sed
940 1098 999 1150 aliis

5 1159 7 1228 ζ
92 1180 218 1234 suspecta
235 1176 292 1218 erat
309 1165 380 1219 fraus
398 1157 504 1236 Bitonis,
517 1177 543 1218 et
562 1167 689 1236 paulatim
706 1169 731 1218 in
745 1167 832 1236 plures
843 1168 931 1236 eoepit
945 1183 999 1219 ma·

5 1231 7 1242 '
94 1252 158 1286 nare
177 1237 298 1304 suspicio.
335 1236 426 1303 ltaque
439 1237 533 1288 Graeoi
552 1237 651 1288 milites
668 1253 743 1288 arma
760 1237 874 1305 capiunt,
888 1237 999 1288 occisuri

94 1303 222 1371 Bitonem,
241 1306 263 1357 si
280 1305 385 1356 daretur
401 1306 519 1357 occasio:
539 1314 656 1358 ceterum
676 1305 807 1374 principes
825 1322 915 1357 eorum
934 1309 998 1357 iram

5 1403 8 1438 4
94 1373 272 1426 multitudinis
296 1374 489 1442 mitigaverunt.
527 1375 633 1426 Praeter
649 1392 732 1443 spem
752 1391 827 1426 suam
849 1371 905 1426 Bito
926 1391 999 1442 prae·

5 1445 8 1456 '
93 1443 163 1493 senti
179 1443 294 1511 periculo
310 1460 354 1495 ere
375 1453 423 1511 tus,
438 1443 515 1512 paulo
527 1454 584 1512 post
597 1443 735 1498 insidiatus
747 1443 897 1496 auctoribus
908 1443 999 1496 salutis

93 1527 159 1562 suae
178 1521 231 1563 est:
252 1512 328 1582 cujus
364 1513 404 1564 olo
421 1513 532 1580 cognito,
546 1523 572 1565 et
592 1515 677 1582 ipsum
696 1512 959 1582 comprehenderunt,
973 1521 1000 1564 et

94 1578 204 1632 Boxum.
241 1581 365 1634 Ceterum
378 1582 476 1634 Boxum
496 1583 613 1650 protinus
631 1582 730 1650 placuit
743 1581 862 1648 interfici,
877 1581 999 1633 Bitonem

5 1685 7 1712 ,
93 1647 173 1700 etiarn
187 1662 234 1718 per
245 1651 389 1702 cruciatum
404 1651 500 1703 necari.
530 1651 643 1719 Jamque
656 1650 754 1718 corpori
767 1659 898 1702 tormenta
908 1649 999 1701 admo-

5 1725 6 1734 *
93 1718 230 1770 vehantur.
244 1735 306 1771 curn
323 1719 429 1786 milites,
444 1721 572 1772 incertum
585 1721 619 1771 ob
631 1735 710 1787 quam
723 1717 1000 1785 causarn,'lymphatis

5 1797 6 1860 ,
93 1787 208 1840 similes³
224 1776 259 1840 ad
277 1805 351 1840 arma
369 1788 525 1840 discurrunt.
561 1787 677 1845 Quorum
691 1787 795 1840 fremitu
809 1786 940 1852 exaudite,
954 1789 998 1856 qui

5 1865 6 1868 ’
93 1865 214 1924 torquere
238 1857 359 1908 Bitonem
382 1857 447 1924 jussi
466 1867 547 1924 erant,
567 1858 687 1925 omisere,
709 1859 843 1924 veriti,'ne
865 1855 890 1907 id
912 1855 999 1908 lacere

93 1925 311 1978 tumultuantium
331 1925 516 1976 vociferatione
535 1925 755 1994 prohiberentur.⁴
791 1925 846 1992 ille,
866 1924 933 1977 sicut
954 1941 999 1976 nu·

5 2051 7 2058 y
93 1993 172 2044 datus
184 2003 248 2060 erat,
262 1994 378 2061 pervenit
390 1995 423 2044 ad
437 1995 558 2062 Graecos,
570 2004 596 2045 et
607 1993 766 2046 miserabilis
777 1992 861 2044 facies
873 1993 999 2062 supplicio

94 2061 218 2114 destinati
231 2061 257 2113 in
270 2061 403 2114 diversum
417 2063 520 2114 animos
533 2073 639 2141 repente
650 2063 767 2131 mutavit,
778 2061 927 2130 dimittique
937 2079 997 2115 eum

92 2129 235 2199 jusserunt.
272 2131 328 2182 Hoc
346 2132 423 2183 modo
442 2149 526 2200 poena
542 2131 585 2184 brs
603 2131 737 2199 liberatus,
757 2147 818 2182 curn
837 2131 939 2193 ceteris,
953 2133 999 2200 qui

5 2191 6 2222 ³
94 2199 211 2251 colonias
233 2216 250 2250 a
274 2217 334 2268 rege
357 2200 496 2252 attributas
516 2201 683 2270 reliquerunt,
705 2201 810 2253 revertit
831 2201 856 2252 in
877 2200 998 2269 patriam.

95 2267 169 2320 Haeo
182 2269 250 2320 cirea
263 2268 356 2320 Baetra
369 2278 394 2321 et
407 2269 562 2338 Scytharum
576 2271 702 2321 terminos
713 2279 796 2338 gesta.

130 2341 172 2389 28.
192 2338 298 2390 interim
313 2356 401 2405 regern
413 2338 524 2391 duarum
536 2339 663 2406 gentium,
674 2339 813 2407 dequibus
824 2347 885 2390 ante
898 2337 999 2392 <lictum
1061 2395 1062 2401 ,

95 2409 155 2475 est,⁵
166 2416 273 2459 eentum
286 2407 366 2475 legati
379 2407 486 2460 adeunt.
516 2408 615 2460 Omnes
627 2425 702 2460 curru
715 2408 887 2477 vehebantur,
902 2409 1000 2461 eximia

94 2476 274 2544 magnitudine
293 2493 437 2546 eorpomm,
451 2477 546 2528 decoro
565 2476 671 2544 habitu,
690 2476 774 2529 lineae
793 2486 887 2535 vestes¹
900 2477 999 2529 intexto

94 2561 156 2598 auro
169 2561 339 2616 purpuraque-
348 2545 507 2599 distinctae.⁶
536 2545 568 2598 Ei
581 2562 609 2597 se
622 2545 719 2598 dedere
733 2547 810 2614 ipsos,
825 2547 903 2598 urbes
914 2563 1000 2612 agros·

94 2631 154 2693 que,
169 2613 324 2680 referebant,
339 2631 386 2683 per
405 2622 441 2665 tot
460 2623 563 2666 aetates
582 2615 736 2666 inviolatam
758 2613 908 2666 libertatem
931 2615 1001 2666 illiue

94 2683 207 2752 primurn
228 2683 290 2736 fidei
310 2683 460 2752 dicionique
485 2683 673 2752 permissuros:
698 2683 763 2734 deos
788 2682 836 2756 sibi
861 2683 1001 2734 deditionis

122 2835 129 2860 ¹
141 2833 229 2881 ‘Some
240 2832 268 2882 oi
280 2832 342 2882 their
353 2843 510 2892 countrymen
523 2833 584 2888 (that
596 2833 625 2889 is,
640 2832 762 2887 Greeks).’

120 2892 164 2938 Ἀ
176 2892 255 2940 native
267 2892 294 2943 os
306 2893 346 2940 the
359 2893 480 2940 Arcadian
492 2903 558 2940 town
569 2891 596 2940 of
609 2897 717 2954 Μακαρία.

122 2953 131 2977 ⁸
143 2949 219 2996 ‘Like
231 2951 361 3008 msdmen,’
378 2959 382 2978 ¹
408 2951 521 3000 essessed
533 2951 649 3010 persons!
682 2951 729 2998 See
741 2961 797 3000 note
809 2951 840 3000 iv.
851 2955 888 2999 46.

123 3012 149 3074 Ἰ·
157 3007 229 3068 They
236 3025 298 3058 were
309 3010 382 3058 afraid
392 2967 437 3059 lest
447 3011 506 3071 they
513 3010 600 3059 should
607 3013 636 3058 be
646 3010 776 3078 presented
785 3009 845 3058 from
854 3011 1002 3080 completing

96 3065 156 3113 theu
167 3067 235 3114 work
246 3071 278 3127 by
289 3070 329 3116 the
341 3081 425 3129 outcry
434 3069 462 3117 ol
469 3071 510 3117 the
523 3070 674 3118 tumultuous
685 3069 787 3118 soldiers
795 3069 811 3127 3’
826 3070 877 3118 that
889 3086 918 3124 rs,
935 3071 1002 3118 ‘thot

96 3124 114 3175 it
125 3125 204 3175 would
214 3126 275 3174 hove
287 3129 346 3175 such
358 3145 387 3176 au
399 3129 518 3178 influence
529 3144 594 3189 upon
605 3128 681 3184 rhem,
694 3143 720 3176 as
736 3138 762 3176 to
777 3127 840 3188 keep
857 3129 923 3177 thern
939 3130 1002 3178 boen

96 3183 155 3232 hom
166 3183 278 3246 finishing
289 3182 330 3233 the
341 3189 484 3235 execution'

124 3241 257 3311 'Namelp
270 3245 310 3292 the
324 3245 466 3304 Ouydracae
478 3247 524 3295 und
536 3246 613 3294 Malli.

122 3308 131 3331 ⁸
144 3301 235 3349 ‘Their
250 3303 343 3351 clothes
355 3320 418 3352 were
435 3305 462 3353 os
473 3307 548 3361 tinen,
562 3305 603 3352 the
619 3321 744 3354 samoneos
759 3304 788 3353 of
802 3305 882 3353 which
899 3319 949 3352 was
964 3320 1001 3352 re·

96 3359 171 3408 lieved
188 3362 220 3420 by
236 3361 345 3409 inwoven
362 3363 418 3422 gold
434 3361 479 3412 and
496 3364 596 3423 purple.’
629 3364 693 3412 Here
708 3380 745 3412 we
761 3365 849 3423 supply
860 3373 940 3412 erant:
960 3364 1001 3411 the

95 3419 209 3468 omission
219 3419 246 3468 of
258 3437 271 3468 a
282 3431 335 3480 past
347 3431 415 3470 tense
427 3422 454 3469 os
466 3441 516 3472 esse
530 3424 551 3471 is
567 3433 608 3470 not
620 3423 702 3484 nearly
713 3439 740 3471 so
751 3437 862 3490 common
874 3438 900 3470 ns
912 3422 963 3470 that
974 3423 1001 3470 of

96 3487 136 3535 eat,
147 3488 213 3534 aunt,
227 3479 273 3527 and
284 3497 349 3535 essu
363 3481 412 3528 still
424 3482 441 3530 it
452 3482 593 3530 sometimes
604 3497 688 3532 occurs
699 3482 725 3530 in
734 3482 902 3542 descriptione.
927 3479 1000 3530 Corn·

95 3552 148 3597 pure
161 3538 258 3599 Zumpt,
273 3540 345 3592 ltro.
