2410 3890
133 201 179 256 dd
407 217 446 256 nt:
471 217 577 256 cussis
599 215 784 258 aiuxsuoiu.

143 333 305 391 receperunt.
343 325 376 378 Et
400 326 473 384 Betis
495 323 665 377 interiectum
690 333 763 376 ratus
781 321 877 378 urbem
893 339 975 375 crans
994 323 1053 378 vio·

143 394 215 444 tnria¹
230 394 332 460 repetit.

177 467 218 512 28.
240 466 272 514 At
285 463 442 529 Alexander,
455 463 567 516 nondum
581 471 718 532 percurato
728 461 844 529 vulnere,
854 478 987 530 aggerem,
998 479 1054 530 quo

141 532 278 584 incenium
287 532 455 588 altitudinem
465 541 599 600 aequaret,
609 533 730 600 extruxit,
741 531 911 600 pluribusque
920 531 1054 585 cuniculis

143 617 230 651 muros
240 601 328 654 subrui
336 601 421 670 jussit.
440 601 571 670 Oppidani
579 601 612 654 ad
623 601 760 668 pristinum
771 600 906 668 fastigium
916 603 1052 654 moenium

144 687 238 722 novum
254 679 391 724 extruxere
401 673 603 736 munimentum,
614 670 661 724 sed
671 688 704 722 ne
714 671 739 722 id
751 670 861 738 quidem
869 680 953 722 turres
961 671 1054 738 aggeri

143 739 280 807 impositas
292 749 392 808 poterat
405 757 529 809 aequare.
566 741 662 808 ltaque
678 741 797 791 interiora
809 756 915 808 quoqne
928 739 1001 792 urbis
1014 741 1054 792 iri-

143 809 212 860 lesta
224 810 284 861 telis
297 821 378 864 erant.
415 811 520 864 Ultima
530 809 611 878 pestis
631 808 702 861 urbis
719 809 767 860 suit
786 809 909 862 cuniculo
927 809 1055 862 subrutus

143 895 240 946 murus,
254 896 301 948 pei
313 880 390 949 cujus
402 881 490 932 ruinas
503 879 585 930 hostis
598 879 711 930 intravit.
745 877 865 930 Ducebat
878 877 936 946 ipse
949 895 995 930 rex
1006 895 1053 932 au·

144 949 314 1014 leslgtiattos,⁹
331 961 357 1000 et
376 949 442 1000 duni
459 948 590 1001 incautius
606 948 683 1014 subit,
698 965 760 1000 saxo
773 964 833 999 crus
845 947 903 1015 ejus
915 947 1052 1014 affligitur.

143 1017 250 1070 lnniiius
263 1029 351 1071 tamen
365 1019 424 1085 telo,
435 1016 550 1069 nondum
564 1018 654 1086 prioris
665 1018 780 1069 vulneris
791 1016 906 1069 obducta
918 1017 1051 1085 cicatrice,

144 1087 210 1138 iuter
223 1088 351 1156 primores
363 1086 481 1156 dimicat,
496 1089 533 1138 ira
548 1103 653 1155 quoque
671 1103 808 1155 accensus,
822 1087 890 1155 quod
904 1086 956 1138 duo
970 1087 993 1138 in
1006 1087 1053 1138 ob·

144 1157 245 1208 sidione
266 1156 337 1210 urbis
355 1155 414 1225 ejus
429 1157 538 1208 vulnera
557 1165 703 1226 acceperat.
744 1156 836 1222 Betim,
857 1155 964 1222 egregia
982 1155 1055 1208 edita

144 1243 240 1294 pugna,
253 1226 398 1294 multisque
411 1226 564 1278 vulneribus
582 1225 741 1293 conlectum,
755 1225 927 1278 deseruerunt
941 1224 988 1292 sui,
1002 1241 1054 1277 neo

144 1308 233 1348 tamen
247 1295 354 1362 segnius
367 1296 493 1364 proelium
508 1295 672 1362 capessebat,
686 1295 794 1347 lubricis
805 1296 887 1353 armis
898 1311 945 1346 suo
958 1296 1056 1363 pariter

143 1373 223 1432 atque
236 1364 350 1416 hostiurn
364 1368 500 1432 sanguine.
538 1363 587 1416 Sed
601 1381 663 1416 cum
676 1365 792 1433 undique
806 1363 875 1420 telis³

180 1454 317 1508 [peteretur,
329 1449 360 1502 ad
376 1461 525 1508 postremum
540 1449 665 1496 exhaustis
677 1449 769 1496 viribus
779 1449 849 1498 vivus
865 1449 890 1508 in
906 1458 1053 1508 potestatem

234 1510 338 1557 hostium
350 1509 458 1569 pervenit
467 1513 483 1565 t]
624 1557 627 1564 ,
936 1563 937 1566 ¹

144 1605 196 1658 quo
204 1589 324 1657 adducto,
334 1589 454 1642 insolenti
463 1587 559 1657 gaudio
570 1586 676 1658 juvenis
684 1589 776 1657 elatus,
786 1587 853 1642 alias
861 1590 1054 1642 virtutisetiam

145 1659 171 1710 iri
186 1658 260 1710 hoste
274 1661 388 1727 mirator,
399 1676 448 1710 non
462 1668 491 1710 ut
503 1657 617 1726 voluisti,
632 1659 723 1727 inquit,
735 1659 861 1727 moriaris,
872 1659 919 1712 sed
929 1660 1054 1729 quicquid

145 1729 170 1779 iri
184 1729 317 1797 captivum
331 1727 442 1780 inveniri
455 1737 547 1796 potest,
557 1745 696 1798 passurum
707 1744 767 1780 esse
776 1737 802 1780 te
811 1729 905 1796 cogita.
930 1729 990 1781 .llle
1004 1747 1053 1782 non

146 1799 260 1850 interrito
281 1798 366 1866 modo,
386 1797 433 1850 sed
452 1796 601 1850 contumaci
620 1814 725 1866 quoque
739 1798 812 1850 vultu
830 1799 939 1850 intuens
954 1815 1053 1867 regem,

144 1867 243 1920 nnllam
258 1869 290 1920 ad
305 1868 390 1920 minas
403 1866 583 1937 ejusreddidit
592 1869 706 1919 vocem.⁴
735 1867 803 1920 Tum
815 1868 973 1934 Alexander,
983 1869 1055 1920 vide-

145 1937 213 1990 tisne
232 1939 392 1992 obstinatum
410 1936 444 1989 ad
464 1935 626 1990 tacendum‘l
646 1937 738 2006 inquit.
774 1938 848 1990 Num
865 1955 935 2004 genu
950 1939 1055 2006 posuitl

145 2025 208 2060 num
222 2025 314 2060 vocem
328 2007 476 2079 supplicem
488 2005 581 2058 misitl
607 2007 720 2058 Vincam
732 2015 821 2059 tamen
836 2007 978 2072 silentium,
993 2017 1019 2060 et
1032 2007 1055 2060 si

145 2077 211 2130 nihil
229 2078 321 2146 aliud,⁵
339 2087 411 2128 certe
428 2077 530 2144 gemitu
546 2075 727 2144 interpellabo.
765 2077 806 2128 Ira
818 2077 916 2128 deinde
931 2077 1016 2130 veiint
1028 2078 1053 2130 iii

146 2147 253 2216 rabiem,
263 2147 319 2217 jam
332 2160 387 2197 tum
402 2145 553 2214 peregrinos
566 2145 630 2197 ritus
643 2161 711 2197 nova
723 2140 854 2202 sube'unte
867 2147 978 2198 fortuna.
1007 2148 1056 2199 Pei

145 2217 211 2267 talos
223 2218 295 2268 enim
308 2215 430 2284 spirantis
442 2213 496 2266 lora
505 2214 614 2284 trajecta
623 2223 691 2283 sunt,
703 2215 895 2284 religatumque
904 2215 937 2268 ad
948 2233 1055 2268 curium

146 2295 247 2338 traxere
269 2287 338 2337 circa
358 2285 451 2338 urbem
472 2284 548 2354 equi:
573 2284 701 2352 gloriante
722 2302 792 2354 rege,
816 2285 946 2354 Achillen,
967 2301 984 2337 a
1004 2302 1055 2354 quo

144 2371 230 2422 genus
242 2353 299 2424 ipse
312 2353 464 2422 deduceret,
478 2353 612 2406 imitatum
631 2371 660 2406 se
678 2371 738 2406 esse
756 2371 842 2424 poena
856 2355 882 2408 iii
896 2354 997 2408 hostem
1012 2372 1055 2406 oa·

145 2426 250 2494 pianda.
286 2424 414 2478 Cecidere
426 2424 567 2476 Persarum
579 2423 752 2546 Arabumpue
770 2424 842 2476 circa
856 2423 952 2477 decem
966 2425 1053 2478 milia:

145 2513 196 2548 nec
213 2493 409 2548 Macedonibus
427 2493 563 2546 incruenta
576 2489 685 2546 victoria
714 2494 762 2546 uit.
799 2494 907 2547 Obsidio
919 2504 991 2547 certe
1003 2511 1055 2547 non

145 2574 200 2618 tani
220 2565 339 2618 claritate
360 2564 433 2616 urbis
453 2562 590 2614 nobilitata
611 2572 658 2629 est,
680 2580 761 2632 quain
785 2565 919 2630 geminato
939 2563 1055 2634 periculo

174 2685 181 2706 ¹
191 2679 245 2726 The
257 2677 397 2736 expression
408 2693 481 2725 ovone
492 2677 589 2724 victorio
601 2676 620 2723 is
633 2677 707 2724 taken
718 2675 778 2724 stom
790 2674 831 2722 the
849 2675 944 2724 Roman
960 2686 1055 2744 costam

145 2738 172 2785 of
185 2739 225 2785 the
236 2740 319 2786 oootio.
352 2735 414 2784 This
426 2751 496 2783 name
509 2751 558 2782 was
570 2735 664 2796 applied
678 2747 702 2784 to
714 2735 755 2783 the
767 2744 880 2782 entrance
892 2736 942 2782 into
954 2735 994 2782 the
1007 2745 1055 2794 city

144 2797 172 2844 ol
180 2797 308 2844 victorious
320 2795 439 2856 generals,
451 2795 505 2842 who
514 2809 576 2842 were
586 2805 627 2842 not
636 2793 813 2856 distinguished
819 2795 918 2864 ¹enough
928 2803 952 2842 to
963 2794 1033 2842 merit
1042 2811 1056 2842 a

144 2859 283 2918 triumphus.
311 2856 339 2902 Iii
348 2857 388 2903 the
399 2854 505 2913 triumph
514 2853 555 2901 the
564 2855 662 2914 general
672 2853 794 2902 advauced
806 2853 885 2914 riding
893 2869 916 2900 iii
923 2869 937 2901 a
945 2853 1053 2915 magnlfi·
1102 2895 1106 2901 .

144 2926 199 2964 cent
211 2916 317 2972 chariot;
335 2917 360 2964 in
371 2916 412 2964 the
423 2916 503 2969 orrotr'ox
511 2914 541 2961 he
553 2917 603 2961 was
614 2929 644 2961 on
657 2913 793 2962 horsebacli
803 2929 830 2960 or
841 2929 872 2960 on
883 2909 940 2960 loct.

172 2975 274 3021 ²'Phose
286 2975 387 3023 soldiers
399 2975 423 3022 iii
434 2991 448 3022 a
458 2973 561 3022 division
572 2973 620 3020 oia
632 2973 727 3021 Roman
738 2988 806 3032 army
815 2971 871 3020 who
878 2971 963 3034 fought
973 2972 1054 3020 before

144 3035 184 3081 the
196 3033 321 3082 standards
333 3031 544 3104 (antestgaoh-fm
555 3033 595 3080 tha
607 3033 733 3080 standards
743 3047 807 3079 were
819 3047 892 3080 never
903 3033 927 3080 iii
939 3031 980 3080 the
991 3031 1054 3080 lroiit

143 3092 508 3211 -y'i'heeigssiesdhaeyibaiiggaaplih
519 3150 559 3198 the
571 3151 741 3210 manuscripts,
755 3149 834 3198 which
846 3149 999 3200 Freinsheim
1010 3151 1053 3198 has

143 3210 443 3330 filleglvipplgsapbprgpffle
462 3274 517 3316 ‘iiot
531 3286 548 3318 a
563 3268 646 3318 word!
684 3267 742 3326 Vos,
756 3267 879 3325 however,
898 3269 942 3334 hiis
958 3283 972 3316 a
988 3284 1053 3317 more

141 3329 239 3420 geperal
251 3329 364 3388 meaning
375 3328 431 3375 than
443 3331 543 3383 uerbum,
554 3328 590 3376 sor
601 3329 619 3375 it
630 3327 738 3388 significa
752 3333 811 3388 ‘any
820 3330 946 3376 articulate
956 3327 1050 3377 sound.'

169 3389 392 3506 ‘hillohblieghelberih
401 3386 472 3494 cciiii
483 3387 687 3503 szcitgib’eish-lht.
719 3447 766 3495 See
780 3447 860 3495 Graan.
873 3446 886 3498 t
897 3449 949 3503 139,
964 3455 1019 3494 note
1032 3449 1051 3496 l.
