2314 3886
174 207 233 262 224
438 223 478 262 oe
501 222 608 262 eserie
629 221 813 262 reumont.

173 345 241 384 snm.
278 330 440 384 Detestabile
466 330 596 384 osmitiois
620 331 793 384 ministerium
819 338 1004 398 occupaverat
1028 347 1077 398 rex,

173 399 313 451 verborum
336 399 480 468 licentiam,
504 417 573 468 quae
596 401 657 452 vino
680 409 780 468 poterat
804 399 936 468 imputari,
961 398 1079 452 nefanda

172 469 256 520 caede
268 469 348 522 ultus.
383 469 511 522 Manabat
530 477 583 520 toto
594 468 735 522 vestibulo¹
747 485 822 522 cruor
839 469 916 536 paulo
935 479 1004 520 ante
1021 485 1076 521 con·

172 536 265 588 vivae:
284 538 377 606 vigiles
391 538 495 590 attoniti
507 547 533 590 et
551 538 717 606 stupentibus
734 538 836 590 similes
852 537 945 606 procul
963 538 1076 605 stabant,

171 603 373 676 liberioremque
392 608 579 676 poenitentiam
598 608 709 660 solitudo
725 607 894 676 excipiebatfl
930 607 1005 676 Ergo
1021 607 1077 660 lias·

172 683 226 726 tem
244 693 278 728 ex
295 692 401 746 corpore
418 676 530 746 jacentis
546 677 664 730 evolsam
682 679 782 728 retorsit
802 677 827 728 in
845 687 931 728 semet
940 693 948 744 3
966 677 1077 746 jamque

170 743 323 798 admoverat
348 749 446 814 pectori
471 762 532 798 oum
557 745 680 798 advolant
704 745 806 813 vigiles,
824 753 851 797 et
875 745 1039 814 repugnanti
1062 762 1076 796 e

171 814 294 868 manibus
317 824 479 884 extorquent,
498 815 694 883 allevatumque
720 815 746 866 in
772 813 976 868 tabernaculum
1004 814 1075 868 dele·

171 893 236 934 runt.
280 884 338 936 llle³
366 884 440 937 hunni
462 893 764 952 prostraveratcoipus,
787 884 887 952 gemitu
918 883 1076 952 ejulatuque

169 952 312 1005 miserabili
336 962 416 1005 totam
440 967 583 1020 personans
612 953 721 1020 regiain.
768 953 888 1004 Lartiare⁴
917 952 1020 1006 deinde
1049 970 1076 1004 os

169 1021 309 1089 unguibus,
334 1029 361 1073 et
390 1022 590 1074 circumstantes
619 1039 717 1090 rogare,
741 1038 775 1074 ne
801 1039 829 1073 ee
853 1031 925 1074 tanto
948 1021 1075 1074 dedecori

169 1091 339 1158 superstitem
367 1093 437 1142 esse⁵
462 1098 620 1160 paterentur.
657 1091 726 1143 lnter
752 1090 800 1142 hes
824 1107 917 1158 preces
943 1100 1002 1142 tota
1026 1107 1076 1143 nor

169 1166 286 1211 extracta
308 1159 368 1211 est.⁸
403 1160 628 1228 scrutantemque,
647 1177 711 1215 uum
734 1161 771 1211 ira
789 1159 897 1212 deorum
915 1159 949 1210 ad
971 1168 1075 1212 tantum

168 1227 245 1280 nefas
270 1241 346 1280 actus
372 1238 450 1296 esset,
470 1229 540 1281 subit
564 1229 771 1281 anniversarium
794 1228 953 1280 sacrificium
979 1229 1076 1282 Libero

168 1295 238 1347 Patri
268 1313 318 1348 non
347 1311 406 1348 esse
437 1298 566 1350 redditum
590 1306 687 1350 statuto
710 1306 836 1365 tempore.
883 1299 977 1364 ltaque
1009 1299 1077 1350 iuter

167 1363 259 1416 vinum
278 1373 304 1417 et
322 1365 416 1434 epulas
432 1367 515 1418 caede
533 1368 681 1432 commissa,
702 1367 766 1418 iram
783 1365 826 1417 dei
846 1367 926 1418 fuisse
945 1367 1075 1418 manifes-

168 1441 230 1484 tem.
266 1433 390 1486 Ceterum
415 1435 501 1502 magis
526 1451 557 1486 eo
581 1435 742 1502 movebatur,
767 1435 835 1504 quod
862 1424 982 1488 omnibm
1007 1439 1075 1488 ami·

166 1515 256 1553 eorum
268 1503 371 1556 animos
381 1503 488 1556 videbat
506 1506 642 1556 attonitos:
662 1505 796 1556 neminem
814 1521 875 1556 curn
894 1505 951 1572 ipsc
970 1507 1075 1556 sociare

166 1585 315 1627 sermonem
344 1582 435 1641 postea
460 1589 602 1626 ausurum:
627 1573 768 1626 vivendum
794 1589 853 1624 esse
876 1573 901 1625 in
926 1572 1074 1626 solitudine

165 1639 238 1692 velut
262 1638 334 1693 serae
358 1642 466 1710 bestiae,
491 1643 596 1695 terrenti
626 1641 700 1710 alias,
724 1643 791 1694 alias
812 1642 943 1696 timentis
980 1643 1074 1696 Prima

164 1707 261 1761 deinde
281 1709 340 1773 luce¹
358 1709 526 1764 tabernaculo
543 1729 644 1780 corpus
657 1712 726 1764 sicut
742 1712 830 1763 adhuc
846 1720 988 1766 omentum
1006 1722 1073 1781 erat,

163 1776 240 1856 jussit
252 1778 349 1831 inferri.
385 1779 443 1837 Quo
460 1781 546 1850 posito
557 1791 618 1833 ante
630 1781 724 1850 ipsum,
740 1780 853 1832 lacrimis
864 1780 970 1848 obortis,
985 1781 1072 1850 Hane,

164 1863 189 1898 in
211 1847 256 1914 uit,
280 1849 374 1900 nutrici
398 1863 479 1910 meae
497 1850 608 1918 gratiarii
634 1849 729 1918 rettuli,
749 1850 826 1918 cujus
848 1849 900 1902 duo
923 1848 973 1900 filii
998 1851 1072 1918 apud

163 1861 288 1970 Mietum
305 1933 351 1987 pro
369 1934 430 1970 mea
447 1918 528 1986 gloria
545 1919 692 1972 occubuere
711 1927 829 1987 tironem,
843 1917 886 1970 hir
904 1917 995 1987 irater,
1013 1921 1073 1972 uui·

162 1999 224 2038 oum
243 1985 360 2039 orbitatis
378 1987 509 2056 solatium,
522 2006 539 2040 a
551 2005 595 2040 me
614 1989 681 2040 inter
692 1987 785 2056 epulas
802 1987 905 2046 occisus
921 1995 971 2038 est.
1011 1988 1074 2046 Quo

111 2093 113 2098 .
162 2069 233 2106 nuno
256 2069 285 2106 se
308 2055 425 2108 conseret
443 2057 558 2109 miserat
594 2058 722 2110 Omnibus
745 2056 804 2126 ejus
822 2059 1074 2126 uuussupersurn‚³

162 2131 243 2190 quem
256 2123 341 2176 solum
352 2125 446 2194 aequis
457 2127 542 2178 oculis
554 2125 644 2178 videre
658 2141 707 2178 non
720 2126 821 2194 poterit.
858 2126 892 2178 Et
908 2141 959 2191 ego
978 2143 1073 2178 serva·

162 2199 248 2243 torum
272 2208 391 2244 meorum
415 2193 499 2263 latro‚⁹
516 2203 631 2247 revertar
654 2195 679 2246 in
704 2193 822 2263 petriam,
842 2203 870 2246 ut
890 2211 924 2246 ne
941 2193 1072 2248 dextram

161 2259 269 2326 quidem
281 2261 375 2312 nutrici
388 2261 445 2314 sine
457 2263 585 2316 memoria
597 2262 755 2316 calamitatis
766 2264 825 2332 ejus
836 2263 929 2316 offerre
942 2263 1071 2330 possim!

161 2327 196 2380 Et
208 2343 271 2380 curn
283 2329 342 2381 finis
353 2329 470 2384 lacrimis
482 2332 648 2400 querelisque
666 2349 715 2384 non
734 2333 815 2402 fieret,
827 2333 902 2401 jussu
916 2334 1072 2387 amicorum

160 2411 255 2465 corpus
271 2397 390 2450 ablatum
409 2408 458 2451 eet.
493 2401 550 2453 Rex
570 2402 686 2454 triduum
709 2401 791 2470 jacuit
814 2403 938 2454 inclusus.
975 2401 1072 2460 Quem

159 2473 188 2518 tit
199 2465 322 2533 armigeri
339 2468 507 2537 corporisque
526 2471 649 2522 custodes
666 2469 700 2523 ad
718 2471 883 2528 moriendum
896 2469 1072 2526 ‘obstinatum

159 2546 220 2588 esee
240 2547 423 2607 cognoverunt,
438 2539 553 2590 universi
575 2539 600 2591 in
620 2539 818 2592 tabernaculum
835 2539 993 2609 irrumpunt,
1007 2541 1073 2596 diu-

158 2619 211 2672 que
230 2605 353 2674 piecibus
371 2607 487 2676 ipsorum
506 2607 663 2662 reluctatum
681 2625 761 2676 aegre
779 2609 905 2678 vicerunt,
923 2616 951 2660 ut
971 2609 1072 2665 cibum

158 2791 172 2842 ᾖ
182 2735 258 2842 ἑὸἷὴο
266 2737 370 2786 ablativa
379 2739 438 2787 with
447 2747 493 2788 toto
503 2739 524 2788 is
534 2738 658 2800 generally
665 2741 724 2790 used
732 2742 832 2790 without
843 2743 876 2789 in.
904 2739 950 2788 See
959 2741 1071 2802 Zumpt,

185 2851 275 2921 '‘Th'e
290 2852 394 2902 solitude
411 2855 516 2936 affopded
532 2858 687 2917 opportunity
702 2857 738 2906 for
754 2859 794 2907 the
812 2873 877 2908 inore
894 2859 1072 2908 unreetrained

157 2912 461 3040 “retenturas
494 2973 540 3020 a
553 2973 649 3033 amn
663 2975 738 3026 tn.

184 3025 256 3074 *The
267 3028 409 3088 descriptiva
420 3031 544 3080 infinitive.
575 3033 714 3082 SeeGram.
725 3034 739 3084 b
750 3037 800 3082 390.

184 3085 256 3132 ’‘To
271 3087 392 3144 survivet'
407 3100 525 3156 puperstea
541 3092 600 3139 used
617 3094 650 3152 by
667 3091 765 3140 Curtius
781 3093 840 3140 with
861 3091 902 3140 the
917 3092 1013 3152 dative,
1035 3096 1073 3158 by

154 3141 236 3192 others
263 3146 370 3206 enerally
381 3147 440 3194 with
452 3148 491 3194 the
503 3150 616 3216 genitive.
648 3150 695 3198 See
709 3151 805 3210 Zumpt,
819 3152 894 3202 itii.

182 3207 191 3232 ¹
201 3201 248 3250 Per
266 3219 308 3262 ape
319 3219 357 3272 we
368 3219 413 3252 can
423 3205 477 3254 best
487 3223 542 3311 qive
553 3208 594 3255 the
610 3208 674 3276 fqrce
690 3208 717 3256 ol
729 3213 846 3278 extrahere
860 3211 892 3270 hy
903 3211 1061 3295 translatitie

155 3260 223 3309 ‘The
236 3262 313 3310 whole
325 3263 392 3322 night
404 3264 457 3316 (end
469 3281 483 3310 a
501 3281 549 3326 ong
560 3281 700 3315 wearisome
711 3269 779 3329 night
791 3279 809 3316 it
820 3275 879 3322 was)
891 3283 942 3317 was
952 3281 1042 3328 spent.

181 3318 345 3380 ’Beeutiiully
356 3320 422 3367 saliit
438 3327 466 3368 ‘a
476 3323 531 3370 wilri
544 3326 612 3371 heast
623 3325 725 3374 terrifice
735 3343 812 3385 some.
824 3327 887 3376 setis
897 3327 1002 3379 others!

180 3381 189 3405 ³
200 3376 227 3424 ‘I
238 3378 306 3426 alone
318 3378 414 3426 survive
426 3378 458 3425 all
469 3379 511 3426 her
521 3381 650 3431 relatives!

179 3437 189 3462 ⁹
199 3439 205 3460 ‘
214 3435 341 3485 Murderer
349 3437 365 3493 ς’
379 3452 393 3484 a
403 3451 468 3486 mere
480 3440 566 3487 robher
576 3439 699 3502 iepraedo.
