2410 3890
153 251 192 306 ‘to
423 265 463 304 uu
487 265 593 305 eesrrs
616 265 799 305 rauranum.

188 377 229 424 30.
249 374 317 440 Ergo
336 389 397 426 curn
418 372 466 442 his,
484 390 551 444 quos
571 373 669 428 ducere
691 389 783 426 secum
807 369 1072 440 statuerat,secundo

153 459 232 494 amne
245 441 382 494 descendit
400 443 434 494 ad
452 443 583 496 Mareotin
604 443 739 513 paludem.
778 443 816 495 Eo
835 441 915 508 legati
934 441 1071 510 Cyrenen·

154 512 233 563 sium¹
245 510 314 563 dona
326 510 446 581 attulere,
460 529 564 582 pacem,
579 523 605 564 et
619 522 646 565 ut
659 513 742 564 adiret
761 512 840 564 urbes
853 527 922 578 suas,
937 517 1070 578 petentes.

155 581 209 648 llle,
224 579 299 635 donis
317 581 441 650 acceptis,
454 582 626 651 amicitiaque
645 581 792 652 conjuncta,
811 581 953 634 destinarat
972 577 1071 646 exequi

153 651 246 718 pergit.
283 653 323 702 Ac
342 649 425 719 primo
445 651 556 720 quidem
576 661 603 702 et
624 661 751 720 sequente
771 649 814 702 die
836 648 979 702 tolerabilis
995 647 1072 700 labor

155 723 234 788 visus,
248 718 364 772 nondum
384 730 437 772 tarn
451 719 546 772 vastis³
562 721 692 788 nudisque
711 719 896 772 solitudinibus
914 717 1000 784 aditis,
1013 715 1071 784 jam

155 801 244 840 tamen
258 788 340 841 sterili
354 797 381 840 et
394 789 541 841 emoriente
553 795 632 840 terra.
669 788 721 842 Sed
740 799 768 840 ut
787 805 915 856 aperuere
934 804 963 838 se
981 785 1071 854 campi

154 858 207 909 alto
225 858 310 911 obruti
329 857 436 926 sabulo,
447 857 520 910 haud
538 874 616 908 secus
633 875 713 927 quam
734 855 892 926 profundum
912 872 1011 924 aequor
1030 857 1071 906 in-

154 927 245 997 gressi,
260 937 357 980 terram
370 927 455 980 oculis
473 925 651 994 requirebant.
686 927 768 980 Nulla
785 925 869 992 arbor,
884 925 987 978 nullum
1005 921 1071 976 culti

155 997 201 1048 soli
225 998 379 1050 occurrebat
403 995 554 1064 vestigium,
602 999 680 1066 Aqua
707 998 788 1064 etiam
820 995 963 1064 deiecerat,
988 1009 1070 1062 quam

155 1066 259 1118 utribus
282 1065 378 1118 cameli
397 1073 531 1133 vexerant,
551 1073 578 1117 et
591 1066 623 1117 in
642 1065 714 1117 arido
733 1066 787 1118 solo
805 1082 837 1118 ac
856 1064 957 1117 fervido
977 1061 1071 1115 sabulo

156 1136 227 1186 nulla
240 1142 303 1186 erat.
340 1133 382 1187 Ad
396 1134 456 1186 hoc⁴
468 1133 506 1186 sol
518 1134 607 1186 omnia
626 1135 786 1202 incenderat,
800 1136 924 1203 siccaque
937 1142 962 1185 et
975 1133 1071 1185 adusta

156 1215 300 1256 crantore:
320 1220 380 1256 cum
395 1219 422 1254 ra
442 1213 510 1272 ente,
524 1204 580 1256 siva
592 1203 657 1257 illud
671 1205 780 1256 deorum
801 1220 905 1272 munus,
919 1204 976 1255 eive
991 1217 1072 1254 casus

157 1273 215 1341 luit,
229 1272 360 1324 obductae
373 1221 446 1342 coeli)
458 1273 543 1326 nubes
555 1273 696 1326 condidere
710 1274 801 1342 solem,
816 1275 908 1341 ingens
920 1281 995 1325 aestu
1009 1271 1067 1323 lati-

156 1343 225 1410 gatis
237 1342 341 1393 etiamsi
360 1343 429 1410 aqua
446 1341 582 1412 deficeret,
596 1343 732 1396 auxilium.
770 1343 914 1396 Enimvero
925 1351 954 1394 ut
967 1343 1071 1409 largum

157 1427 261 1479 quoque
280 1409 393 1464 imbrem
412 1422 584 1464 excusserunt
602 1413 743 1481 procellae,
757 1429 803 1482 pro
822 1429 850 1463 se
868 1411 980 1480 quisque
998 1427 1059 1463 exer

158 1496 220 1549 pere
233 1497 304 1548 eum,
317 1481 426 1549 quidam
438 1480 473 1534 ob
485 1480 558 1532 sitim
572 1481 731 1550 impotentes
744 1482 792 1548 sui,
806 1497 849 1532 ora
869 1497 974 1550 quoque
986 1479 1070 1532 hianti

158 1557 265 1618 captare
285 1558 437 1619 coeperunt.
474 1549 653 1608 Quatriduum
674 1557 719 1620 per
740 1562 829 1602 vastas
850 1549 1006 1602 solitudines
1025 1549 1071 1601 ab·

158 1628 292 1687 sumptum
317 1629 366 1671 est.
402 1620 516 1688 Jamque
540 1618 610 1671 haud
635 1620 724 1688 procul
744 1619 842 1671 oraculi
863 1618 927 1670 aede
953 1620 1069 1686 aberant,

158 1705 218 1740 oum
233 1689 384 1758 complures
396 1689 467 1740 corvi
479 1687 579 1756 agmini
592 1699 740 1756 occurrunt,
756 1689 859 1741 mod-ico
879 1689 966 1740 volatu
986 1689 1071 1756 prima

158 1759 233 1826 signa
254 1757 452 1826 antecedentes,
471 1766 499 1808 et
518 1757 595 1810 modo
616 1758 691 1810 humi
713 1759 870 1826 residebant,
892 1773 954 1810 oum
976 1758 1073 1809 lentius

157 1843 252 1894 agmen
275 1827 418 1894 incederet,
439 1825 517 1878 modo
539 1843 567 1878 se
590 1827 833 1896 pennislevaban,
855 1828 1071 1880 antecedentium

158 1897 259 1965 iterque
272 1898 474 1950 monstrantium
489 1896 548 1948 rito.
915 1935 922 1946 .

192 1971 231 2018 31.
251 1967 372 2019 Tandem
393 1965 427 2018 ad
448 1965 541 2018 sedem
558 1977 739 2018 consecratam
756 1967 928 2018 deonantum
942 1977 990 2018 eat.
1032 1965 1072 2017 ln·

158 2035 285 2089 credibile
299 2037 380 2104 dictu,
394 2035 462 2087 inter
475 2043 563 2087 vastas
575 2036 731 2088 solitudines
744 2035 802 2103 sita,
816 2035 932 2104 undique
951 2035 1071 2088 ambien-

159 2105 229 2158 tibus
249 2105 334 2174 ramis,
356 2105 398 2156 vix
420 2107 444 2156 in
465 2104 576 2156 densam
599 2105 719 2158 umbram
740 2106 852 2158 cadente
868 2105 931 2173 sole,
952 2114 1072 2156 contecta

159 2183 206 2242 eat,
233 2175 363 2243 multique
387 2173 482 2242 fontes,
507 2173 630 2226 dulcibus
653 2176 731 2244 aquis
754 2176 865 2244 passim⁵
892 2174 1070 2240 manantibus,

158 2243 232 2295 alunt
256 2243 343 2295 silvas.
381 2242 464 2294 Coeli⁶
484 2257 592 2311 quoque
616 2243 682 2296 mira
706 2245 857 2314 temperies,
886 2261 965 2296 verno
990 2245 1071 2313 tepori

159 2311 275 2364 maxime
288 2311 390 2382 similis,
404 2328 497 2364 omnes
514 2311 577 2365 anni
597 2323 683 2381 partes
695 2315 751 2382 pari
770 2313 923 2367 salubritate
937 2314 1070 2383 percurrit.

160 2381 275 2433 Accolae
288 2381 359 2436 sedis
371 2389 431 2434 sunt
443 2381 478 2433 ab
495 2380 595 2433 oriente
612 2383 722 2451 proximi
736 2383 907 2452 Aethiopum.
945 2385 974 2438 ln
993 2383 1071 2436 meri·

158 2451 228 2502 diam
251 2452 365 2524 nepsam⁷
384 2451 487 2503 Arabes
505 2461 633 2521 spactant,
655 2451 822 2522 Troglodytis
843 2469 990 2522 cognomen
1013 2461 1070 2506 est:

160 2521 250 2572 hornm
266 2521 335 2588 regio
349 2537 431 2588 usque
449 2524 482 2572 ad
497 2519 603 2574 rubrum
623 2539 696 2574 mare
713 2524 834 2574 excurrit.
872 2525 907 2574 At
920 2539 973 2591 qua
986 2523 1071 2590 vergit

187 2631 194 2652 ¹
209 2625 306 2687 Cyrene.
320 2624 486 2685 aflourishing
498 2625 580 2674 Greek
589 2627 684 2686 colony,
695 2627 799 2676 situated
812 2629 922 2674 between
932 2627 1013 2687 Egypt
1025 2627 1072 2676 and

158 2685 204 2790 thpi
211 2685 322 2791 tprritpry
333 2684 361 2732 os
374 2683 504 2745 Carthago,
516 2701 548 2732 on
564 2701 579 2733 a
594 2695 645 2745 part
662 2685 690 2733 ol
702 2685 742 2734 the
759 2698 825 2734 coast
843 2686 973 2734 otherwise
990 2687 1068 2734 desert

158 2759 187 2792 an
232 2753 332 2792 esoate.
726 2781 727 2786 .

186 2802 322 2862 '‘Namely,
340 2801 378 2850 his
394 2803 513 2851 intention
528 2803 557 2850 os
572 2804 654 2852 visitin
689 2803 729 2852 tha
745 2805 809 2853 casis
825 2804 853 2852 ol
866 2804 997 2861 Hammon,
1017 2819 1071 2852 now

158 2861 248 2916 Siwah‚
262 2862 287 2908 in
298 2862 338 2909 the
350 2862 430 2910 desert
442 2872 467 2909 to
478 2862 519 2909 the
530 2873 592 2910 west
603 2862 631 2910 ol
683 2873 733 2922 ypt.

186 2926 194 2948 ³
205 2920 297 2980 Supply
307 2937 378 2981 quom
386 2931 477 2983 posteo,
492 2926 498 2946 ‘
509 2937 536 2968 as
547 2879 706 2970 afterwards!
745 2942 746 2949 ¹

186 2979 370 3027 “Moreover.’
401 2988 403 2992 ’
455 3027 457 3032 ,

187 3045 194 3068 ¹
207 3043 213 3063 ‘
224 3038 349 3105 Scattered
359 3038 535 3098 everywhere‚’
551 3039 590 3086 ‘in
601 3039 633 3087 all
644 3041 772 3098 quartcrs.'
805 3040 905 3090 Curtius
917 3040 1070 3100 particularly

157 3099 362 3204 mqptlropsdolcer
371 3113 453 3158 oquae,
465 3103 471 3124 ⁴
481 3097 546 3145 fresh
554 3099 648 3154 watar,'
658 3101 760 3148 because
768 3099 835 3150 there
843 3115 907 3149 were
914 3099 961 3148 salt
968 3111 1070 3151 streame

158 3171 188 3203 an
226 3171 294 3204 aas.

185 3221 193 3244 ⁰
207 3215 301 3262 Caelum
311 3214 332 3262 is
343 3215 400 3262 here
411 3215 452 3262 the
464 3215 626 3274 atmosphere,
640 3217 746 3276 opposed
757 3227 783 3266 to
793 3221 876 3274 solum,
889 3218 931 3268 the
971 3215 1037 3268 ound

186 3279 193 3300 '
207 3280 212 3300 ⁶
224 3273 278 3320 'l'he
290 3274 372 3322 Arabs
383 3273 475 3322 inhebit
491 3275 532 3322 the
548 3284 650 3344 country
661 3291 693 3324 on
704 3277 744 3324 tho
755 3277 828 3326 south
837 3279 853 3336 ;'
867 3235 981 3338 literali,
997 3276 1070 3326 ‘loolr

156 3333 261 3382 towards
271 3332 312 3380 tha
323 3333 414 3380 south!
448 3333 500 3380 Our
509 3334 594 3382 author
604 3335 626 3382 is
637 3351 662 3382 m
672 3351 738 3383 error
746 3336 817 3385 when
828 3338 859 3386 he
870 3353 927 3398 says
938 3337 990 3386 that
1001 3337 1070 3386 these

157 3393 238 3440 Arabs
249 3391 369 3440 extendad
380 3401 406 3439 to
416 3391 458 3439 the
470 3391 524 3440 Red
536 3393 591 3440 Sea.
623 3393 661 3442 Ha
678 3409 778 3458 appears
794 3406 819 3444 to
835 3396 897 3444 hare
911 3398 974 3445 been
984 3393 1070 3444 misled

157 3452 188 3510 by
201 3451 240 3519 the
252 3451 309 3508 lact,
317 3450 369 3498 that
376 3450 443 3499 there
452 3465 517 3520 were
525 3451 810 3561 'I'roqllodlptee-thatis,
818 3455 931 3504 dwattsrs
939 3450 1071 3504 incavea—

156 3509 288 3570 especrally
299 3525 331 3559 ou
343 3510 384 3560 the
396 3519 457 3559 west
469 3510 521 3559 arde
532 3510 561 3560 ol
573 3522 582 3558 t
601 3528 614 3560 e
651 3512 682 3561 ed
694 3512 749 3564 Sea.
