2264 3880
462 234 553 274 arsen
572 237 603 276 x.
935 221 991 278 ³01

82 342 163 397 beros
173 343 301 398 eminens.
338 343 429 396 &nus
446 341 561 396 ducebat
579 361 595 396 a
613 344 689 415 Cyro,
701 343 835 414 qnondam
853 360 915 413 rege
933 345 994 400 Per·

82 429 190 466 sarum:
210 429 274 482 opes
289 421 315 464 et
335 429 351 464 a
370 413 513 481 majoribus
532 412 639 467 traditas
657 413 780 482 habebat,
794 423 820 466 et
840 413 897 484 ipse
916 414 995 484 longa

82 481 197 558 imperii¹
210 481 375 552 possessione
387 482 576 537 cumulaverat.
612 484 638 536 Is
651 484 704 551 regi
717 500 777 536 cum
792 486 878 536 omnis
888 483 995 553 generis

83 551 168 620 donis,
182 569 233 604 nou
254 552 302 620 ipsi
321 551 399 604 modo
412 569 451 618 ea,
465 551 512 603 sed
531 551 613 608 etiarn
631 554 726 605 amicis
743 552 802 623 ejus
820 554 937 620 daturus,
951 571 993 607 oc·

84 622 173 674 currit.
218 621 353 690 Equorum
381 621 473 680 domiti
506 637 602 690 greges
636 623 821 692 sequebantur,
851 640 994 744 currusque

84 699 195 758 argento
224 699 251 742 et
286 707 349 744 auro
378 690 505 756 adornati,
536 692 649 760 pretiosa
678 692 805 762 supellex,
836 701 863 744 et
891 693 996 746 nobles

85 775 219 828 gemmae,
238 777 319 814 aurea
338 760 425 826 magni
446 758 568 828 ponderis
587 777 657 830 vasa,
677 771 820 830 vestesque
838 778 993 831 purpureae,

7 843 8 872 1
86 838 113 882 et
126 830 221 898 signati
240 830 341 897 argenti
360 829 490 882 talentum
503 829 550 882 tria
563 830 644 882 milia.
681 831 805 884 Ceterum
819 838 892 882 tanta
904 830 994 900 benig-

87 899 156 950 nitas
174 897 285 952 barbero
305 916 387 951 causa
407 899 497 950 mortis
515 898 572 952 tuit.
609 901 680 952 Nam
698 917 760 954 cum
781 917 874 952 omnes
894 903 997 954 amicos

7 985 8 1016 1
87 967 156 1036 regis
174 967 249 1020 donis
267 985 296 1020 su
318 985 345 1020 er
358 969 472 1037 ipsorum
486 976 546 1020 vota
559 969 690 1038 coluisset,
705 969 807 1037 Bagoae
820 969 937 1038 spadoni,
951 971 996 1039 qui

7 1057 8 1084 r
86 1035 268 1090 Alexandrum
287 986 413 1106 elisaquio
430 1039 544 1106 corporis
555 1039 711 1091 devinxerat
729 1038 789 1107 sibi,
803 1038 903 1091 nullum
918 1037 996 1092 hono·

7 1125 8 1156 r
88 1123 145 1159 rem
163 1106 262 1160 habuit.
299 1106 511 1176 Admonitusque
529 1125 545 1160 a
563 1107 732 1178 quibusdam²
748 1125 830 1178 quam
845 1107 997 1163 Alexandro

86 1175 158 1228 cordi
171 1186 250 1246 esset,
264 1177 404 1246 respondit,
418 1178 519 1230 amicos
531 1180 607 1246 regis,
620 1195 671 1231 non
690 1187 774 1232 scorta
792 1194 821 1230 se
838 1177 933 1247 colere,
947 1196 997 1232 nec

86 1247 168 1298 moris
186 1263 246 1298 esse
265 1246 360 1315 Persis,
374 1264 463 1299 mares
479 1247 585 1317 ducere,
598 1248 644 1316 qui
664 1258 752 1318 stupro
771 1247 996 1301 effeminarentur.

7 1357 9 1368 .
86 1313 135 1368 His
151 1315 249 1368 auditis
266 1315 347 1383 spado
365 1316 517 1386 potentiam,
531 1317 630 1386 flagitio
648 1327 675 1370 et
693 1319 825 1372 dedecore
838 1319 995 1388 quaesitam,

86 1385 113 1438 in
134 1395 214 1454 caput
237 1385 393 1440 nobilissimi
416 1394 444 1438 et
467 1386 577 1440 insontis
600 1390 726 1442 exercuit.
762 1389 887 1457 Namque
911 1386 998 1456 gentis

7 1479 9 1508 r
87 1453 212 1524 ejusdem
230 1454 378 1508 levissimos
389 1455 464 1508 falsis
481 1456 636 1510 criminibus
652 1457 803 1526 adstruxit‚²
815 1457 928 1510 monitos
940 1467 998 1511 tum

86 1523 197 1578 demum
209 1541 242 1578 ea
254 1523 364 1591 deferre,
378 1543 439 1578 cum
452 1526 508 1594 ipse
519 1525 648 1595 jussisset.
685 1526 791 1578 Interim
804 1527 927 1596 quotiens
939 1528 997 1582 sine

86 1593 191 1647 arbitris
217 1602 281 1662 erat,
308 1593 430 1646 credulas
460 1594 531 1662 regis
559 1611 638 1646 aures
661 1593 797 1663 implebat,
825 1595 998 1650 dissimulans

7 1711 8 1720 ,
85 1679 193 1716 causam
213 1662 275 1732 irae,
288 1680 340 1732 quo
358 1664 460 1730 gravior
472 1663 635 1715 criminantis
652 1664 793 1716 auotoritas
811 1672 890 1716 esset.
925 1665 997 1718 Nou·

7 1759 8 1764 =
86 1732 152 1785 dum
170 1741 310 1801 suspectus
328 1741 383 1784 erat
401 1731 515 1800 Orsines,
527 1731 584 1800 jam
602 1739 692 1784 tamen
705 1731 801 1786 vilior.³
836 1733 907 1786 Reus
925 1734 997 1786 enim

86 1801 113 1854 in
137 1812 239 1854 secreto
262 1799 410 1869 agebatur,⁴
433 1800 539 1852 latentis
562 1801 674 1871 periculi
703 1801 825 1870 ignarus:
852 1813 878 1854 et
902 1801 996 1872 impor-

86 1871 256 1922 tunissimum
266 1877 389 1937 scortum,
398 1887 432 1922 ne
445 1869 472 1922 in
484 1879 572 1938 stupro
585 1869 694 1939 quidem
706 1879 733 1924 et
746 1869 884 1924 dedecoris
895 1873 996 1939 patien-

87 1938 123 1990 tia
136 1937 236 1990 fraudis
247 1936 367 2006 oblitum,
380 1939 502 2006 quotiens
519 1955 638 1992 amorem
657 1941 727 2008 regis
744 1940 773 1998 in
788 1956 816 1992 se
829 1941 995 2011 accenderat7

86 2006 208 2064 Orsinem
220 2007 298 2058 modo
310 2007 442 2075 avaritiae,
453 2006 585 2060 interdum
594 2009 674 2062 etiam
684 2007 848 2077 desectionis,
859 2009 995 2078 arguebat.

122 2081 146 2128 5.
165 2077 225 2130 Jam
239 2085 342 2128 matura
355 2084 428 2128 eraut
440 2076 466 2128 r'n
479 2077 625 2145 perniciem
643 2077 791 2131 innocentis
806 2077 956 2148 mendacia,
970 2089 996 2132 et

87 2144 179 2213 latum,
194 2143 271 2198 cu'us
288 2145 447 2198 inevitabilis
464 2155 580 2216 corceat,
593 2146 744 2216 appetebat.
781 2146 858 2200 Forte
871 2147 944 2200 enim
956 2165 996 2202 se·

86 2214 208 2283 pulcrum
220 2163 281 2282 dyri
294 2213 445 2268 Alexander
462 2211 540 2283 jussit
557 2216 660 2284 aperiri,
674 2217 701 2269 in
716 2233 768 2285 quo
786 2225 842 2268 erat
859 2217 996 2272 conditum

86 2284 147 2404 eq'us
160 2300 262 2352 corpus,
275 2284 318 2336 cui
336 2284 399 2336 (lare
412 2283 518 2337 volebat
535 2285 652 2338 inferias.
688 2287 759 2339 Auro
777 2296 938 2355 argentoque
957 2304 996 2341 re-

86 2362 188 2421 petum
201 2369 259 2405 esse
272 2351 427 2421 crediderat,
441 2354 541 2423 quippe
559 2355 595 2406 ita
613 2354 686 2408 lama
698 2355 795 2408 Persae
808 2355 980 2424 vulgaverant
988 2374 997 2425 5

86 2421 134 2474 sed
146 2432 249 2492 praeter
261 2421 377 2490 clipeum
390 2423 449 2490 ejus
466 2431 571 2492 putrem
590 2433 617 2476 et
634 2441 711 2478 arcus
729 2424 796 2478 duos
813 2424 950 2495 Scythicos
968 2435 996 2479 et

85 2491 222 2544 acinacem
247 2491 310 2544 nihil
335 2494 458 2561 repperit.
501 2492 626 2546 Ceterum
649 2511 745 2547 corone
767 2511 848 2547 aurea
872 2495 996 2564 imposita

84 2560 209 2629 amiculo,
229 2561 271 2612 cui
292 2570 411 2614 assuerat
431 2562 495 2630 ipse,
517 2563 631 2631 solium,⁶
649 2564 675 2616 in
696 2579 748 2632 quo
768 2579 862 2632 corpus
880 2563 994 2634 jacebat,

85 2630 190 2698 velavit,
201 2630 395 2698 miratusptami
408 2629 520 2683 nominis
529 2648 628 2701 regem,
639 2633 720 2684 tantis
731 2631 879 2700 praeditum
892 2648 908 2683 o
927 2633 993 2702 ibus,

85 2699 157 2752 haud
169 2699 308 2768 pretiosius
317 2698 451 2768 sepultum
459 2716 527 2768 esse,
537 2717 618 2769 quam
630 2701 653 2752 si
665 2701 758 2753 suisset
768 2717 783 2752 e
793 2699 879 2768 plebe.
905 2650 994 2754 Bresi-

85 2786 146 2822 mus
157 2778 213 2821 erat
225 2769 300 2822 lateri
312 2768 402 2838 spado,
412 2769 457 2840 qui
469 2785 558 2836 regem
574 2766 686 2839 intuens,
700 2769 771 2827 Quid
784 2770 888 2839 mirum,
900 2769 992 2841 inquit,

114 2893 121 2915 ¹
133 2886 249 2947 Properly
260 2887 290 2934 he
305 2886 345 2935 did
361 2896 402 2935 not
419 2901 517 2945 possess
533 2887 574 2934 the
586 2888 715 2948 imperium,
728 2886 773 2933 but
783 2885 840 2946 only
851 2901 866 2934 a
878 2897 992 2949 potestas,

86 2947 243 3008 praefectura.
275 2945 408 3008 Imperium.
427 2944 549 3001 however,
567 2946 587 2993 in
604 2945 744 2994 sometimes
760 2944 820 2993 used
837 2945 863 2993 in
882 2946 922 2996 tbe
939 2962 993 2996 nar-

83 3017 162 3052 rower
172 3019 242 3052 sense
253 3004 281 3052 of
288 3020 302 3052 a
312 3005 467 3052 subordinate
479 3004 615 3052 command.

112 3061 276 3120 ’Equivalent
286 3073 310 3110 to
318 3065 451 3117 adaeravit.
462 3065 588 3120 instruxit,
601 3062 758 3118 ‘furnisbed‚¹
770 3063 898 3122 ‘provided
906 3065 992 3114 them!

85 3119 214 3229 Tpelvepb
230 3124 356 3170 subornare
373 3122 452 3170 would
471 3122 532 3170 have
548 3120 741 3183 comprehended
759 3121 800 3170 'the
820 3138 892 3172 sense
908 3123 936 3172 ol
951 3124 992 3173 the

84 3195 107 3226 w
125 3195 163 3228 oe
174 3196 187 3228 c
197 3195 262 3228 ause.
976 3211 981 3220 ι

113 3243 122 3268 ³
134 3239 202 3286 ‘Not
213 3255 240 3286 so
251 3239 335 3299 highly
346 3240 469 3289 esteemed
480 3241 486 3262 '

112 3303 121 3326 ⁴
133 3297 186 3346 ‘He
197 3313 248 3346 was
259 3299 378 3346 accuset!
403 3298 469 3348 Reus
480 3299 501 3348 is
514 3304 560 3348 ‘an
570 3306 673 3348 accused
683 3314 771 3359 person
781 3301 797 3357 ς’
810 3317 879 3363 ogere
888 3317 991 3359 mittam,

83 3375 139 3413 rem,-
154 3362 193 3404 ‘to
204 3357 274 3417 bring
283 3373 299 3404 a
308 3373 364 3406 case
379 3367 405 3406 to
419 3357 491 3420 trial!
526 3359 576 3407 Out
588 3357 616 3407 of
627 3358 676 3408 this
687 3358 728 3408 the
740 3359 882 3420 expression
891 3361 992 3422 clipuenr

82 3433 147 3464 renna
157 3433 226 3477 cgere
236 3415 256 3464 is
267 3415 367 3466 formed.

111 3483 120 3508 ¹
132 3480 138 3502 ¹
148 3473 245 3524 Coffinl
