2438 3886
529 229 623 272 muca
642 231 684 272 ιιι.
708 269 709 272 ,
1019 213 1058 271 tt

147 339 177 394 in
201 355 264 392 arce
287 339 427 409 tutissima,
452 339 479 392 in
521 339 640 392 roditorie
660 339 800 410 reliquerat
823 339 954 392 manibus.
989 339 1059 392 Gau·

137 409 234 478 gabae
263 409 360 462 Persae
389 417 482 462 vocant
502 356 625 464 humeris
651 425 731 462 onera
756 409 915 478 portantes:¹
943 407 970 460 hi
997 425 1060 460 eum

148 478 273 532 tolerare¹
290 495 341 532 non
358 487 472 548 possent,
486 479 583 547 quippe
601 487 627 530 et
646 479 761 548 procella
779 479 865 532 subito
885 478 973 531 nivem
993 477 1060 530 effu·

148 547 234 615 derat,
248 557 274 601 et
286 547 384 601 humus
397 547 497 614 rigebat
508 547 578 617 gelu,
593 555 648 600 tum
660 548 792 600 astrictas³
803 557 899 614 vestes,
914 561 980 616 quas
997 563 1059 599 cum

149 617 265 687 pecurda
282 617 428 686 portabant,
446 633 509 670 auro
527 625 554 668 et
571 633 685 686 purpura
708 617 832 686 insignes,
851 617 969 684 induunt,
989 616 1061 668 nullo

170 685 290 739 rohibere
301 701 373 755 auso,
386 703 448 739 curn
461 685 564 740 fortuna
582 687 650 754 regis
668 687 748 738 etiam
767 685 923 739 humillimis
934 686 960 738 in
973 685 1061 753 ipsum

149 703 288 808 iiccntiam
299 755 408 810 faceret.
445 755 666 826 Prqebuereergo
679 756 845 808 Parmenioni
857 773 907 807 non
921 755 1061 822 spernendi

149 824 266 892 agminis
277 825 411 894 speciem:
430 825 483 892 qui·
494 824 633 880 intentiore
651 841 714 878 cura
733 841 801 894 suos,
814 825 890 893 quasi
908 823 951 876 ad.
959 823 1059 892 justum

150 893 282 962 proelium
300 894 393 962 paucis
409 893 570 960 adhortatuq
583 893 658 962 equis
676 893 789 946 calcaria
806 893 882 963 jubet
900 893 1020 959 subdere,
1034 901 1061 944 et

150 962 207 1016 acri
219 963 321 1032 inipetu
332 962 360 1015 in
372 963 475 1016 hostem
488 962 576 1016 evehi.
613 965 649 1016 At
668 962 711 1030 illi,
725 963 770 1030 qui
782 963 831 1015 sub
843 961 966 1014 oneribus
978 971 1060 1040 erant,

150 1031 257 1084 omissis
277 1040 453 1100 permotum,
475 1041 617 1102 capessunt
637 1033 745 1100 fugam:
769 1033 862 1084 armati
883 1047 995 1100 quoqne,
1017 1047 1061 1098 qur

151 1117 199 1152 eos
221 1101 465 1169 prosequebantur,⁴
488 1101 584 1162 eodem
611 1111 685 1154 metu
713 1119 788 1154 arma
813 1101 919 1170 jactare,
944 1117 976 1150 ac
1001 1111 1062 1152 nota

151 1169 318 1223 diverticula⁵
329 1179 419 1238 petere
438 1179 589 1238 coeperunt.
626 1170 786 1239 Praefectus,
800 1171 874 1239 quasi
887 1169 983 1238 etipse
1001 1185 1061 1220 corr·

152 1239 264 1308 territus,
288 1239 426 1292 simulans⁶
454 1252 550 1292 cuncta
584 1255 691 1310 pavore·
708 1240 894 1308 compleverat.
930 1239 1061 1291 iacebant

152 1307 214 1360 totis
225 1308 327 1377 campie
338 1325 408 1377 opes
421 1309 517 1377 regiae,
530 1309 577 1362 illa
594 1311 707 1378 pecunia
724 1309 855 1378 stipendio
872 1307 973 1376 ingenti
992 1307 1061 1360 mili·

152 1385 210 1430 tum
232 1387 393 1446 praeparata,
413 1378 458 1430 ille
478 1377 566 1432 cultus
584 1385 622 1431 tot
640 1379 767 1432 nobilium
788 1377 910 1446 virorum,
933 1385 969 1428 tot
989 1377 1061 1430 illus-

152 1446 232 1498 trium
250 1443 415 1516 feminarum‚
429 1464 509 1500 aurea
526 1464 599 1515 vasa,
611 1449 684 1500 aurei
703 1447 779 1516 freni,
793 1447 962 1516 tabernacula
980 1445 1061 1514 regali

151 1515 348 1583 magnificentia
368 1530 466 1584 oruata,
486 1515 611 1574 vehicula
630 1533 735 1586 quoque
757 1533 773 1568 a
794 1517 849 1568 suis
867 1515 1001 1584 destituta,
1024 1517 1061 1567 in-

151 1585 238 1652 gentis
255 1584 511 1654 opulentiae‘plena,
531 1584 614 1637 facies
632 1586 713 1638 etiam
731 1585 919 1654 praedantibus
938 1585 1025 1652 tristis,
1039 1584 1061 1636 si

153 1669 206 1720 qua
227 1671 268 1705 res
285 1653 424 1706 avaritiam
442 1657 607 1707 moraretur.⁷
641 1653 710 1724 Quip
729 1661 794 1707 etot
806 1670 933 1706 annorum
951 1653 1060 1706 incredi-

151 1721 200 1774 bili
210 1732 237 1774 et
249 1721 331 1776 fidem
349 1723 495 1782 excedente
514 1725 617 1776 fortuna
634 1740 695 1776 cum
724 1732 775 1792 ata,
789 1733 852 1776 tunc
870 1723 923 1775 alia
936 1722 1061 1790 stirpibus

152 1790 273 1858 lacerata,
291 1792 343 1844 alia
361 1792 386 1844 in
405 1808 517 1850 coenum
535 1791 659 1846 demersa
677 1793 835 1846 eruebantur
844 1793 862 1844 :⁸
878 1808 930 1845 non
948 1791 1062 1844 sufficie·

151 1859 215 1912 bant
227 1860 409 1929 praedantium
423 1878 518 1914 manus
529 1861 653 1929 praedae.

186 1933 227 1980 ³5.
250 1929 364 1998 Jamque
391 1930 471 1982 etiarn
495 1929 529 1982 ad
553 1948 605 1999 eos,
629 1929 675 2000 qui
698 1931 775 1999 primi
798 1929 927 1998 fugerant,
952 1938 1061 1982 ventum

152 2007 223 2049 erat:
253 1998 370 2050 feminae
394 1998 548 2068 pleraeque⁹
588 2016 664 2050 arvos
687 2000 822 2051 trahentes
851 1999 948 2052 liberos
979 1998 1060 2050 ibant.

152 2067 222 2120 Inter
233 2083 300 2135 quae
317 2067 391 2119 fuere
405 2067 518 2136 virginis,
531 2017 607 2138 ocii,
620 2066 666 2138 qui
683 2079 744 2120 ante
763 2070 877 2122 Dareum
897 2077 1059 2136 regnaverat,

152 2135 230 2204 filiae,
255 2136 316 2190 olirn
359 2135 448 2189 uidem
473 2155 507 2189 ex
529 2137 634 2206 fastigio
662 2147 777 2206 paterno
801 2155 886 2190 rerum
915 2139 1060 2190 mutatione

151 2204 292 2272 detractas,
312 2154 359 2258 sod
379 2215 435 2259 tum
456 2217 555 2262 sortem
573 2225 663 2260 aarum
682 2205 815 2260 crudelius
832 2213 991 2276 aggravante
1010 2205 1061 2258 for-

152 2282 223 2326 tuna.
271 2275 299 2326 lu
323 2275 418 2328 eodem
441 2293 522 2344 grege
545 2293 610 2330 uxor
632 2293 738 2344 quoque
767 2275 887 2346 ejusdem
912 2274 977 2328 Ochi
1002 2275 1060 2342 fuit,

152 2342 328 2412 Oxathrisque
339 2345 430 2415 (frater
442 2345 486 2398 hic
505 2355 561 2398 erat
580 2345 670 2415 Darei)
682 2346 743 2414 filia,
757 2355 782 2396 et
801 2344 913 2415 conjunx
926 2344 1059 2412 Artabazi,

152 2412 276 2481 principis
298 2423 505 2484 purpuratorum,
531 2425 557 2467 et
586 2415 665 2481 filius,
690 2416 733 2468 cui
758 2415 857 2467 Ilioneo
882 2415 931 2466 fuit
955 2431 1059 2466 nomen.

152 2481 314 2534 Pharnabazi
327 2499 439 2552 quoque,
453 2485 496 2536 cui
516 2499 652 2536 summum
671 2485 812 2553 imperium
830 2483 979 2536 maritimae
998 2499 1059 2535 orae

151 2590 240 2648 meant,
249 2589 290 2628 not
297 2581 338 2630 the
345 2583 474 2644 buildings.
492 2583 541 2631 But
548 2583 697 2652 sometimes,
707 2585 866 2632 whenastate
873 2585 992 2632 coincides
1000 2583 1059 2632 with

151 2638 456 2759 ailiissgiistessnnggper
465 2651 491 2690 to
502 2643 543 2690 the
554 2659 600 2691 one
611 2659 631 2690 re
643 2643 694 2691 ulso
705 2644 765 2692 used
775 2643 811 2693 for
822 2643 862 2690 the
873 2643 943 2690 other

137 2769 139 2774 ·
177 2761 188 2786 ³
201 2755 253 2805 ‘'As
265 2736 323 2864 thirdy
334 2760 405 2808 could
413 2737 462 2808 'not
477 2755 705 2820 endere-'suppia
721 2760 775 2829 ‘lthe
787 2761 877 2821 weight
893 2759 921 2808 of
933 2760 995 2808 their
1004 2761 1059 2808 bur·

150 2815 225 2862 dene!
244 2816 267 2864 Τ
286 2833 316 2878 ey
325 2833 389 2867 were
398 2819 543 2868 benumbed.
560 2819 583 2867 It
592 2835 642 2868 wus
650 2820 690 2866 the
700 2829 887 2874 wmtereeascn.
900 2835 956 2868 near
965 2819 1005 2867 the
1013 2819 1059 2868 end

151 2874 306 2983 0228}ssth
319 2878 365 2958 apd
375 2878 417 2926 the
428 2879 526 2926 wintere
537 2894 576 2926 are
588 2893 672 2926 severe
683 2878 708 2926 in
719 2879 770 2926 that
782 2879 872 2939 partos
885 2879 962 2939 Syria.

178 2997 188 3020 ⁴
199 2995 206 3017 ‘
216 2951 340 3042 Escortdd’
354 3011 381 3044 as
392 3012 406 3044 a
416 2995 499 3056 guard.

180 3057 188 3082 ¹
200 3055 206 3076 ‘
217 3050 369 3111 Bye·pathe.’

178 3173 187 3196 ἱ
198 3168 221 3215 Τ

152 3237 208 3275 ilssn.

178 3291 187 3316 ⁸
200 3291 206 3312 ⁴
216 3285 291 3334 Were
302 3289 389 3348 sought
399 3299 449 3346 out,
460 3290 505 3339 arrd
517 3290 603 3350 picked
613 3291 662 3350 up!
695 3291 749 3339 The
761 3293 818 3339 verb
829 3293 850 3340 ie
859 3291 991 3340 connected
1000 3273 1059 3340 with

153 3348 262 3401 ulmea,
275 3348 317 3394 but
329 3346 430 3410 belongs
441 3349 501 3405 also,
514 3349 606 3410 though
624 3359 664 3398 not
677 3366 704 3398 so
715 3351 899 3410 appropriately,
913 3360 937 3397 to
948 3352 1057 3398 lacerata.

154 3403 199 3452 See
213 3405 311 3464 Zumpt,
325 3405 417 3457 iiio·
440 3409 443 3417 '
665 3426 667 3434 ’

179 3467 189 3493 ’
201 3468 207 3490 ⁶
217 3463 284 3514 Most
295 3464 398 3514 citheni
408 3465 504 3527 leading
515 3467 577 3517 their
588 3467 649 3516 little
661 3468 768 3518 children
779 3471 811 3529 by
822 3469 863 3516 the
874 3466 954 3516 hand!

177 3114 186 3140 ⁸
198 3109 337 3220 Appourinp
347 3122 372 3161 to
383 3116 413 3162 be
424 3111 559 3174 hightened
570 3113 675 3170 himself,
689 3113 719 3162 he
730 3113 850 3175 produced
860 3115 917 3164 fear.

240 3183 253 3216 e
263 3185 319 3230 gree
337 3187 352 3232 y
363 3187 508 3232 conquerere
519 3173 560 3222 did
570 3182 612 3220 not
624 3173 680 3220 tnhe
693 3174 750 3230 time
762 3185 787 3222 to
798 3175 869 3224 melre
880 3175 939 3222 such
952 3174 1058 3222 ereflec·
