2264 3880
154 231 214 290 Μ
421 245 460 285 ur.
484 244 589 285 essars
611 241 795 283 secxrrrosr.

154 361 310 426 portaverat,
329 352 376 407 sed
399 355 481 406 etiam
504 353 612 420 samam,
633 353 689 404 sire
706 349 770 404 illud
791 348 957 419 triumphus
976 349 1027 403 suit
1041 349 1067 402 ab

156 439 188 476 eo
205 423 320 492 primurn
344 423 496 492 institutus,¹
514 423 570 474 sive
588 421 775 474 bacchantium
793 419 879 488 lusus,
902 421 1004 473 statuit
1021 419 1067 471 imi

156 492 356 560 tari,animosu
395 489 800 558 rhumanumfastigiumelato.
828 489 936 557 ·Vioos,
952 505 1067 559 perquer

156 562 206 614 iter
223 569 285 628 erat,
304 561 361 614 flori
382 579 413 616 us
429 563 582 630 coronisque
601 561 680 612 sterni
697 559 780 628 jubet,
797 558 950 610 liminibus
969 559 1066 610 aediti·

156 640 270 683 crateras
281 631 340 683 vino
353 632 477 700 repletas²
494 638 520 682 et
538 629 590 682 alia
606 629 721 682 eximiae
732 627 933 695 magnitudinis
946 645 1015 680 vasa
1025 627 1065 680 dis·

156 698 232 768 poni,
256 699 379 752 vehicula
397 700 494 752 deiude
512 699 662 767 constrata,⁸
684 707 713 750 ut
736 697 826 766 plures
852 713 960 766 capere
980 698 1065 750 militer

157 775 270 837 possent,
284 769 310 822 iu
323 769 549 822 tabernaculorum
565 769 671 820 modurn
685 767 776 834 ornari,
789 766 846 818 alia
858 767 992 819 candidis
1006 765 1064 832 velis,

157 837 210 890 alia
222 847 296 890 veste
312 839 433 906 pretiosa.
471 838 550 891 Primi
571 837 642 890 ibam
654 837 734 890 amici
746 845 772 888 et
786 835 885 887 cohors
897 837 986 904 regia,
1000 835 1066 887 variis

157 906 278 959 redimita
301 907 408 960 floribus
430 907 583 974 coronisque
593 908 610 974 3⁴
633 906 696 958 alibi
720 905 862 957 tibicinum
881 915 996 972 cantus,
1015 904 1064 956 alib'

158 975 231 1044 lyrae
244 991 324 1028 sonna
334 975 505 1029 audiebatur:
525 976 590 1028 item
602 977 628 1028 in
641 975 771 1026 vehiculis
787 990 835 1043 pro
846 975 931 1042 copia
943 974 1067 1043 cujusque

157 1044 290 1096 adornatis
307 1045 535 1098 comissabundus⁵
553 1045 690 1113 exercitus,
704 1044 791 1112 armis,
805 1060 876 1112 quae
893 1045 1020 1096 maxime
1031 1045 1067 1094 dc-

158 1129 219 1165 oora
236 1122 318 1181 erant,
337 1114 623 1186 circumpendentibus.
659 1113 747 1181 lpsum
769 1114 961 1182 convivasque
986 1128 1068 1164 currus

158 1180 280 1251 vehebat,
294 1184 401 1235 crateris
418 1185 505 1236 aureis
522 1183 642 1252 ejusdem
662 1199 696 1234 ue
715 1183 842 1233 materiae
856 1182 1068 1250 ingentibuspc

158 1251 225 1304 culis
236 1253 395 1320 praegravis.
432 1253 487 1304 Hoc
500 1253 577 1305 modo
590 1199 705 1321 peritas
717 1262 818 1320 septem
839 1251 1067 1304 bacchabundum

158 1335 254 1387 agmen
267 1320 382 1388 incessit,
396 1331 487 1388 parata
499 1321 603 1390 praeda,
617 1321 713 1389 siquid
728 1321 804 1372 victis
821 1320 924 1374 saltem
943 1321 1069 1372 adversus

158 1390 330 1440 comissantes
342 1388 424 1443 animi
441 1389 549 1442 suisset:
569 1391 641 1443 mille
655 1390 770 1458 hercule,
784 1390 831 1440 viri
846 1391 931 1442 modo
944 1401 974 1442 et
990 1389 1067 1455 sobrii,

158 1465 261 1526 septem
273 1457 373 1510 dierum
387 1459 493 1532 crapula
504 1477 600 1526 graves
611 1461 637 1511 in
650 1477 697 1512 suo
709 1458 843 1526 triumpho
861 1476 968 1528 capere
988 1469 1069 1528 potue·

160 1536 226 1578 runt.
263 1525 314 1578 Sed
332 1525 441 1596 fortuna,
455 1545 523 1597 quae
536 1529 616 1582 rebus
626 1529 725 1581 samam
738 1530 911 1597 pretiumque
925 1530 1067 1592 constituit,

158 1593 210 1647 hoo
220 1611 323 1664 quoque
335 1597 446 1650 militiae
463 1597 597 1666 probrum⁶
610 1600 685 1650 vertit
698 1597 856 1665 ingloriam.
894 1599 931 1650 Et
945 1614 1068 1667 praesens

158 1673 234 1717 aetas
245 1673 271 1716 et
284 1667 421 1734 posteritas
432 1666 527 1720 deinde
540 1669 634 1719 mirata
647 1675 694 1735 est,
708 1676 862 1735 pergentes
873 1669 1003 1720 nondum
1014 1665 1068 1718 saris

158 1733 272 1788 domitas
286 1735 426 1788 incessisse
438 1735 605 1803 temulentos,
620 1736 743 1804 barbaris,
757 1735 826 1804 quod
845 1739 994 1788 temeritas
1012 1739 1067 1800 e'rat,

158 1803 282 1858 fiduciam
295 1820 356 1856 esse
368 1805 544 1856 credentibus
581 1806 657 1858 Hunc
675 1815 828 1874 apparatum
841 1805 968 1858 camilex
982 1819 1067 1874 seque·

159 1871 252 1924 batur:
270 1873 368 1942 quippe
387 1883 505 1942 satrapes
517 1877 651 1942 Aspastes,
665 1875 699 1926 de
712 1891 765 1944 quo
776 1882 837 1926 ante
850 1875 957 1926 dictum
972 1883 1024 1940 est,
1036 1874 1067 1925 iu

158 1940 241 1994 terfici
259 1940 347 2009 jussus
365 1951 414 1994 est.
450 1942 525 1995 Adeo
543 1959 593 1994 nec
611 1943 731 1996 luxuriae
747 1945 891 2013 quicquam
913 1944 1066 2008 crudelitas

159 2025 209 2062 neo
220 2009 369 2064 crudelitati
382 2011 484 2064 luxuria
496 2011 591 2064 obstat.

434 2105 747 2114 ...niumm-...Qffl-..r
768 2109 773 2114 .
785 2109 845 2114 ...-

188 2152 195 2174 ²
205 2145 259 2194 The
271 2147 356 2196 author
364 2146 421 2195 here
430 2162 557 2206 expresses
566 2163 595 2196 an
605 2148 701 2206 opinion
708 2149 760 2196 thet
769 2148 811 2195 the
819 2149 956 2210 triumphus
964 2111 1067 2208 peculia

158 2214 184 2260 tc
196 2204 235 2252 the
248 2204 356 2260 Romans
367 2221 417 2254 was
429 2207 555 2268 originally
566 2223 580 2254 a
591 2207 672 2256 march
688 2207 716 2255 oi
726 2211 858 2257 hucrhaatee
875 2206 925 2254 aud
941 2206 1067 2255 instituted

160 2264 192 2322 by
203 2262 322 2310 Bacchus.

187 2321 287 2408 :There
299 2336 339 2388 are
349 2332 398 2407 tque
409 2323 657 2392 forms-crateram,
670 2339 761 2382 masc.;
777 2323 824 2372 aud
833 2333 981 2381 malma-ae,
994 2325 1051 2374 lem.

187 2379 369 2486 ‘Alirviiiallrihc’e
380 2383 488 2486 gillelll
498 2383 704 2502 llllhlhiirliirds
715 2441 743 2490 of
754 2441 867 2490 fiowers!
900 2442 952 2490 See
970 2443 1065 2502 Zumpt.

159 2497 173 2550 l
185 2500 346 2625 iblomamqar
358 2566 468 2617 stronger
478 2558 536 2627 than
545 2562 685 2628 comarcus,
712 2559 759 2607 See
771 2569 835 2614 note,
848 2575 871 2607 r.
884 2563 922 2607 23.

187 2622 195 2646 ⁸
210 2615 287 2664 ‘This
298 2615 406 2676 disgrace
417 2617 444 2665 of
451 2618 492 2666 the
504 2618 608 2677 military
620 2619 729 2666 service!
762 2618 843 2666 There
854 2633 899 2666 can
910 2620 944 2666 be
955 2635 992 2666 no
1002 2635 1066 2680 ques

159 2675 209 2723 tion
226 2676 278 2723 that
296 2675 394 2723 Curtius
407 2677 495 2738 judges
513 2688 552 2724 too
567 2677 665 2738 harshly
677 2678 742 2726 here.
773 2677 844 2724 After
855 2677 896 2724 the
907 2679 1013 2726 terrible
1024 2677 1066 2726 sul·

160 2733 249 2794 ferings
260 2734 288 2782 of
300 2735 341 2782 the
357 2735 439 2782 march
456 2737 559 2796 through
576 2735 617 2783 the
633 2736 722 2792 desert,
735 2736 874 2796 something
885 2737 1066 2804 extraordinary

159 2807 211 2841 was
221 2793 333 2898 rpquired
347 2803 373 2841 to
388 2794 454 2843 drive
470 2795 530 2842 from
546 2794 587 2842 the
604 2799 783 2844 remembruuce
794 2795 821 2843 of
833 2795 874 2842 the
890 2795 1000 2844 soldiers
1010 2797 1067 2844 theu

159 2865 231 2899 recen
254 2867 372 2900 muerres.
