2314 3886
478 273 570 314 uasa
590 273 642 314 vrr.
955 262 1013 316 215

98 400 117 436 a
131 392 174 437 ter
220 389 303 454 erant,
317 381 459 436 aestimare
476 399 529 437 non
547 391 676 451 poterant.
712 383 805 453 ltaque
817 382 925 454 Cophen
939 386 1014 454 (nam

99 453 173 522 tropi
192 464 268 506 antes
291 451 442 522 reliquerat)
466 453 580 504 strenue¹
603 461 731 523 revocant,
754 462 780 505 et
804 469 865 506 cum
889 471 921 505 eo
944 453 1014 507 XXX

99 523 239 591 principes
262 521 378 588 mittunt,
399 521 444 589 qui
467 530 569 590 petram
594 521 705 590 tradant,
728 531 754 573 et
777 531 805 574 ut
828 523 1015 581 incolumibus²

99 591 180 644 abire
198 590 285 659 liceat,
299 591 474 660 paciscantur.
511 589 558 642 llle
571 607 733 658 quamquam
745 591 893 662 verebatur,
907 610 941 645 ne
954 609 1013 646 oou-

8 719 9 726 *
100 668 198 730 specta
216 659 345 729 juvenum
362 659 494 728 paucitate
513 659 682 712 deturbarent
699 676 745 712 eos
762 661 872 730 barbari,
886 670 975 714 tamen
988 671 1014 714 et

101 729 227 782 fortunas
240 745 304 782 suae
316 729 439 798 confisus,
454 736 479 779 et
492 728 609 782 Arimazi
622 728 761 797 superbiae
773 729 898 800 infensus²
912 731 1014 784 nullam

8 845 9 848 ,
101 816 134 852 sa
160 797 346 850 condicionem
369 796 511 849 deditionis
539 797 662 865 accipere
689 798 830 868 respondit.
867 801 1013 867 Arimazes,

8 915 9 926 ,
102 867 253 946 desperatis
264 868 351 935 magis
361 883 442 934 quam
461 866 571 935 perditis
584 866 682 934 rebus,³
693 883 755 919 cunr
774 866 926 936 propinquis
943 869 1014 921 nobi·

8 935 10 1000 ζ
103 937 271 1006 lissrmisqus
294 937 383 1004 gentis
406 951 469 988 suae
493 934 632 990 descendit
657 935 683 990 in
705 945 805 990 castra:
832 945 900 1006 quos
922 954 1016 990 omnes

8 1005 10 1072 [
105 1005 263 1059 verberibus
274 1005 385 1058 allectos
396 1004 446 1058 sub
458 1005 522 1073 ipsis
540 1003 673 1058 radicibus
690 1014 780 1074 petrae
798 1005 924 1060 crucibus
940 1005 1017 1076 jussit

8 1075 10 1134 ἶ
103 1074 189 1143 affigi.
225 1074 369 1127 Multitudo
381 1073 566 1126 dediticiorum
580 1073 812 1128 incolisnovarum
829 1075 935 1128 urbium
953 1091 1016 1128 cum

104 1144 221 1214 pecunia
238 1153 315 1213 capta
333 1143 400 1196 dono
418 1143 480 1196 data
497 1153 553 1196 est:
572 1143 719 1196 Artabazus
738 1144 766 1197 in
785 1151 877 1214 petras
894 1145 1016 1214 regionis·
1078 1197 1080 1202 .

8 1217 9 1226 ’
104 1229 168 1284 que,
181 1229 250 1282 quae
262 1213 381 1282 apposita
393 1221 464 1266 esset
476 1213 510 1281 ei,
523 1213 606 1265 tutela
618 1213 732 1266 relictus„

136 1357 143 1379 ¹
156 1349 301 1409 Equivalent
313 1359 338 1396 to
346 1350 466 1410 protinus,
479 1350 597 1405 continuo,
613 1349 729 1398 ‘without
740 1349 828 1410 delay.'

134 1415 144 1440 ²
156 1409 202 1456 See
216 1409 295 1456 Grum.
307 1408 321 1460 l
332 1413 385 1462 376,
398 1413 421 1465 3,
434 1409 494 1455 with
505 1419 576 1464 nots;
594 1408 639 1456 and
651 1409 749 1468 Zumpt,
763 1409 777 1460 l
788 1413 840 1458 601.

8 1501 10 1510 ,
134 1473 144 1498 ¹
155 1469 220 1516 That
232 1468 261 1522 is,
275 1467 317 1515 tlrs
328 1467 396 1516 affair
407 1483 457 1516 was
468 1467 550 1515 rather
560 1467 656 1516 tlrrowu
671 1484 702 1527 up
719 1471 751 1528 by
762 1468 863 1518 himself
875 1471 899 1518 iu
910 1469 1013 1529 despair,

8 1547 10 1580 t
104 1527 165 1576 than
176 1527 281 1586 actually
291 1527 346 1576 lost.
378 1527 408 1576 In
419 1527 490 1575 Latin
502 1542 539 1574 we
550 1543 594 1576 can
605 1542 649 1587 say
656 1530 751 1589 dapem
762 1544 808 1575 rent
820 1529 978 1590 transitively‚
989 1545 1016 1577 as

8 1619 10 1650 p
105 1587 163 1636 well
173 1601 200 1636 as
210 1589 305 1649 despero
314 1589 342 1636 de
353 1604 377 1634 re
387 1585 570 1646 intransitively.
602 1585 649 1634 See
661 1585 758 1646 Zumpt.
772 1586 785 1638 b
796 1590 848 1636 417.
