2410 3890
138 231 193 286 152
355 295 362 306 .
402 242 441 282 ba
465 243 570 284 essars
593 241 778 281 suerranum.

135 352 245 422 similes,
270 350 341 404 lento
361 349 461 404 vimine
482 350 672 404 frustrabantur
693 351 767 403 ictus.
812 347 919 402 Incolae
943 357 1045 415 autem,
1116 353 1119 360 ’

135 424 191 494 ritu¹
204 421 319 474 ferarum
340 421 452 490 virgulta
472 420 568 473 subire¹
589 420 664 488 saliti,
685 430 740 472 tum
761 437 866 490 quoque
887 420 1047 470 intraverant

136 492 241 557 saltum,
255 489 417 560 occultisque
431 491 490 542 telis
502 490 606 542 hostem
619 489 793 542 lacessebant.

174 567 212 613 17.
226 559 273 612 Ille
287 559 439 612 venantium
458 559 537 612 modo
556 559 665 615 latibula
683 569 822 629 scrutatus,
835 558 975 627 plerosque
986 573 1047 608 con·

136 629 216 682 fodit:
236 628 270 681 ad
288 629 410 682 ultimum
431 629 570 682 circumire
589 629 686 680 saltum
705 629 804 681 milites
820 628 904 697 jubet,
918 636 946 678 ut
959 627 981 678 si
994 643 1047 694 qua

136 707 245 770 pateret,
259 700 441 768 irrumperent.
479 699 529 751 Sed
550 698 643 765 ignotis
660 697 726 749 lo'cis
744 698 863 766 plerique
881 695 1046 763 oberrabant,

136 770 293 838 exceptique
306 777 365 820 sunt
377 767 495 840 qnidam,
506 769 646 834 interquos
655 783 740 836 equus
753 769 836 835 regis:
856 764 1049 835 Bucephalam²

137 839 281 892 vocabant:
300 855 380 906 quem
395 836 544 890 Alexander
557 852 606 888 non
626 837 720 888 eodem
739 853 791 906 qno
810 843 913 888 ceteras
931 835 1050 902 pecudes

136 909 224 961 animo
242 908 410 960 aestimabat.
447 907 571 974 Namque
591 905 636 958 ille
657 923 706 956 nec
729 907 753 958 in
772 907 847 958 dorso
867 905 981 956 insidere
1001 909 1063 956 suo'

136 978 284 1048 patiebatur
292 977 382 1044 alium,
393 987 418 1028 et
429 993 527 1044 regern,
537 992 600 1026 cum
609 975 689 1026 vellet
697 976 849 1044 ascendere,
861 983 952 1043 sponte
960 989 1049 1040 genua

138 1047 296 1100 submittens
314 1045 471 1112 excipiebat,
486 1044 695 1112 credebaturque
714 1046 811 1096 sentire
829 1061 910 1114 quem
930 1046 1046 1094 veheret.

137 1115 240 1185 Majore
259 1132 328 1184 ergo,
342 1132 422 1182 quam
439 1114 559 1181 decebat,
574 1114 611 1164 ira
630 1114 708 1166 simul
728 1131 759 1165 ae
778 1113 867 1169 dolere.
888 1113 1047 1180 stimulatus,

138 1202 236 1254 equum
250 1183 374 1252 vestigari
386 1184 468 1254 jubet,
483 1194 509 1235 et
523 1201 567 1251 per
580 1184 751 1252 interpretem
770 1184 937 1252 pronuntiari,
950 1184 976 1233 ni
991 1181 1048 1234 red·

138 1254 275 1321 didissent,
290 1254 423 1306 neminem
436 1271 496 1304 esse
509 1253 649 1306 victurum.
677 1253 733 1306 Hac
746 1253 944 1305 denuntiatione
958 1251 1047 1318 territi,

138 1339 199 1375 curn
222 1322 318 1374 ceteris
337 1322 413 1374 donis
437 1339 536 1392 equum
559 1323 702 1375 adducunt.
738 1323 788 1376 Sed
814 1341 847 1374 ne
871 1323 908 1373 sic
929 1321 1047 1390 quidem,

138 1393 281 1460 mitigatus,
301 1392 376 1444 caedi
399 1393 480 1445 silvas
498 1391 580 1461 jubet,
600 1403 762 1462 aggestaque
783 1393 862 1444 humo
881 1408 896 1442 e
916 1390 1048 1442 montibus

138 1461 277 1534 planitiem
304 1462 383 1513 ramis
412 1461 567 1530 impeditam
591 1463 764 1530 exaggerari.³
798 1463 857 1515 Jarn
883 1460 1047 1528 aliquantum

137 1529 295 1582 altitudinis⁴
312 1548 378 1600 opus
395 1539 522 1597 creverat,
542 1547 604 1582 eum
625 1532 734 1600 barbari,
748 1531 892 1600 desperati⁵
904 1531 1046 1597 regionem,

137 1617 218 1670 quam
240 1610 439 1669 occupaverant,
460 1617 535 1670 posse
559 1601 668 1667 retineri,
688 1611 795 1668 gentem
817 1617 892 1652 suern
912 1599 1047 1652 dedidere.

137 1670 202 1736 Rex,
216 1669 352 1722 obsidibus
363 1673 488 1739 acceptis,
503 1668 626 1722 Phradati
644 1687 734 1738 parere
748 1688 793 1722 eos
805 1670 891 1739 jussit.

176 1744 215 1792 18.
238 1738 302 1790 lnde
326 1740 417 1807 quinto
441 1739 485 1791 die
516 1739 542 1790 in
572 1740 667 1790 stativa
697 1741 841 1792 revertitur.
886 1739 1048 1792 Artabazum

138 1809 242 1876 deinde,
256 1808 389 1878 geminato
409 1808 525 1876 honore,l
536 1826 616 1876 quern
631 1809 732 1861 Dareus
750 1809 877 1862 habuerat
888 1809 924 1875 ei,
940 1807 1048 1860 remittit

128 1878 255 1932 «domum.
292 1877 352 1932 lam
371 1877 404 1930 ad
423 1880 518 1930 urbem
530 1877 687 1948 Hyrcaniae,
704 1879 726 1930 in
740 1897 793 1948 qua
807 1879 876 1945 regia
889 1877 966 1930 Darei
979 1876 1049 1944 fnit,⁷

137 1958 247 2002 rentum
267 1957 331 2000 erat.
369 1947 407 2001 lbi
432 1949 604 2001 Nabarzanes
627 1957 739 2017 accepta
762 1949 815 2000 lide
839 1948 958 2014 occurrit,
980 1947 1049 1998 dona

138 2016 256 2086 ingentia
278 2018 374 2070 serens.
417 2018 487 2070 later
507 2035 575 2087 quae
601 2018 701 2085 Bagoas
725 2029 787 2084 erat,
810 2019 900 2086 specie
924 2015 1048 2083 singulari

139 2086 227 2156 spado,
241 2096 321 2156 atque
343 2088 367 2139 in
389 2088 443 2156 ipso
462 2087 524 2139 flore
546 2087 681 2156 pueritiae,
695 2089 738 2140 cui
758 2098 784 2140 et
806 2088 907 2138 Dareus
927 2092 1049 2138 assuetus

137 2156 231 2227 fuerat,
245 2166 272 2208 et
285 2171 346 2208 mox
359 2156 508 2208 Alexander
520 2157 653 2208 assuerit:
673 2157 784 2226 ejusque
796 2157 914 2208 maxime
925 2153 1051 2224 precibus

138 2235 226 2278 motus
238 2225 388 2278 Nabarzani
401 2225 508 2292 ignovit.
1109 2237 1112 2242 ·

176 2297 215 2346 19.
236 2293 307 2362 Erat,
329 2304 357 2345 ut
383 2311 461 2364 snpra
485 2295 586 2346 dictum
607 2307 654 2361 est,
677 2295 826 2364 Hyrcaniae
846 2294 960 2348 finitima
982 2309 1050 2361 gens

138 2365 314 2430 Amazonum,
334 2362 404 2415 circa
423 2363 620 2416 Thermodonta
639 2381 746 2416 amnem
765 2363 956 2434 Themiscyrae
978 2361 1049 2414 incc-

137 2431 251 2484 lentium
269 2433 397 2501 campos⁸
431 2433 561 2500 Reginam
580 2433 713 2500 habebant
737 2432 905 2503 Thalestrim,
925 2432 1049 2485 ombibus

138 2500 205 2554 inter
225 2501 375 2554 Caucasum
398 2511 516 2554 montem
540 2512 566 2554 et
591 2503 686 2555 Phasin
710 2520 818 2555 amnem
842 2503 1047 2573 imperitantem.

170 2635 177 2658 ¹
191 2629 245 2677 ‘To
256 2646 327 2690 creep
339 2631 414 2680 under
424 2631 465 2680 the
477 2597 587 2680 bushes.'¹
595 2598 605 2602 Φ

138 2689 317 2797 algob'orpcrqrghe
336 2693 482 2739 nominative
499 2693 665 2754 Bachepheles.
697 2691 746 2742 But
766 2693 807 2740 the
823 2693 884 2742 form
900 2691 1048 2755 Bucephalas

167 2813 176 2836 ⁸
186 2806 224 2855 He
232 2809 333 2858 ordered
342 2823 371 2857 au
380 2811 504 2878 eminenee
514 2820 539 2878 tq
548 2811 577 2857 be
586 2810 664 2858 raised
672 2825 703 2857 on
712 2811 753 2858 the
764 2811 804 2878 flat
814 2811 895 2859 where
905 2803 946 2860 the
957 2810 1048 2879 bushes

138 2882 255 2975 wqrffiosrq
263 2868 648 2976 ‘cmfflgmfflffifm
658 2885 672 2915 a
683 2869 745 2918 level
757 2870 815 2917 with
826 2869 868 2917 the
880 2872 1024 2918 barbaricus.

168 2992 176 3016 ¹
187 2985 253 3034 Used
263 3003 289 3034 as
298 2989 318 3036 is
323 2989 364 3035 the
372 2944 429 3035 vrlib
438 3003 501 3035 were
508 2987 635 3045 deponent:
646 2986 783 3046 equivalent
790 2996 871 3036 torum
877 2991 1047 3050 desperassent.

138 3067 141 3074 ·
166 3044 248 3092 1Τὴίε
260 3047 375 3107 probably
387 3063 470 3094 meaos
482 3047 531 3094 thet
544 3047 582 3093 his
593 3046 672 3106 salary
685 3062 734 3094 was
746 3047 858 3096 doubled.

167 3104 273 3152 'Arrian
284 3107 343 3153 calls
355 3107 373 3152 it
385 3106 535 3154 Zadracarto.
614 3144 617 3152 .
656 3141 659 3146 .

166 3164 224 3211 'As
236 3164 276 3211 the
288 3166 350 3212 river
362 3165 517 3212 Thermodon
530 3164 576 3212 end
593 3165 633 3211 the
649 3163 742 3213 district
753 3165 781 3213 ol
793 3165 956 3226 Themiscyrae
966 3181 1006 3214 are
1016 3179 1048 3212 on

138 3221 179 3272 the
194 3224 299 3271 coaetos
311 3225 352 3272 the
370 3223 462 3271 Pontus
481 3224 600 3279 Euxinus.
615 3224 654 3270 the
666 3224 727 3271 tribe
738 3224 767 3272 of
778 3225 819 3272 the
836 3228 961 3274 Amazone
977 3222 1048 3273 could

137 3282 253 3342 certainly
264 3293 305 3330 not
316 3285 345 3329 be
358 3282 497 3342 Hyrcaniae
512 3285 620 3338 finitima.
653 3282 700 3330 We
712 3283 773 3332 have
784 3284 825 3332 the
836 3301 903 3333 same
914 3301 980 3333 error
989 3284 1048 3332 here

137 3354 164 3388 as
175 3339 219 3388 has
231 3341 328 3400 already
340 3343 401 3387 been
416 3333 511 3388 noticed
523 3343 547 3388 in
558 3341 626 3400 ohap.
640 3345 675 3389 12.
707 3342 845 3404 According
860 3355 885 3391 to
901 3343 916 3391 J
919 3344 993 3399 nstin,
1006 3343 1048 3390 the

137 3413 215 3457 queen
226 3399 253 3446 ol
265 3399 307 3467 the
317 3399 442 3466 Amazona
454 3398 523 3447 made
535 3416 549 3447 a
556 3401 660 3460 joumey
670 3400 699 3448 cf
708 3402 862 3468 twenty-five
873 3403 933 3462 days
945 3404 971 3470 in
979 3400 1049 3450 order

137 3457 1049 3581 :tarttltattat.²lt.¹tt¹.lt‚t..lt.ttltrtti’tattdteth
