2438 3886
152 217 191 272 θθ
418 231 457 272 uu
481 233 586 272 easrts
609 232 792 272 sussurrant.

151 348 253 412 petere.
289 339 392 409 Quippe
410 356 473 392 cum
492 341 584 392 Asiam
602 340 700 407 ingenti
712 340 862 392 velocitate¹
874 337 1053 408 percurrisset,

152 411 223 461 circa
241 425 330 461 muros
347 410 426 460 unius
445 410 516 462 urbis
528 409 661 477 haerebat,
676 419 711 460 tot
725 410 898 461 maximarum
913 425 997 460 rerum
1010 423 1058 477 op-

152 479 319 548 portunitate²
330 477 447 530 dimissa.
483 479 607 531 Ceterum
626 489 680 530 tam
698 477 836 532 discedere
856 479 961 544 irritum,
974 493 1056 546 quarn

153 547 248 598 morari
260 546 392 615 pudebat3
411 549 509 600 lamam
523 565 635 618 quoque,
646 564 698 615 qua
710 549 876 616 pluraquam
889 549 970 600 armis
982 562 1056 598 ever·

152 625 226 685 terat,
247 625 317 668 ratus
337 615 461 669 leviorem
480 617 542 684 lore,
562 618 583 669 si
596 617 705 684 Tyrum,
722 617 796 686 quasi
815 625 909 668 testem
930 633 959 668 se
977 631 1055 684 posse

152 685 230 753 vinci,
245 684 400 754 reliquisset.
430 687 511 753 Igitur
523 703 556 737 ne
568 686 631 754 quid
644 686 809 754 inexpertum
819 686 957 752 omitteret,
968 685 1057 754 plures

152 769 236 806 naves
247 754 381 808 admoveri
393 755 476 825 jubet,
486 755 656 823 delectosque
666 755 791 807 militum³
802 754 911 824 imponi.
944 755 977 807 Et
990 753 1056 806 sorte

153 822 232 876 belua
249 823 390 876 inusitatae
409 824 605 892 magnitudinis,
619 841 697 892 super
712 825 782 892 ipsos
794 825 891 876 fluctus
902 824 978 875 dorso
990 821 1052 874 erni·

152 907 226 963 nens,
245 891 279 945 ad
298 893 404 961 molem,
424 909 504 961 quam
527 893 689 944 Macedones
708 892 831 962 jecerant,
851 893 945 960 ingens
962 908 1055 958 corpus

152 962 286 1032 applicuit,
300 962 525 1030 diverberatisque
544 962 669 1014 fluctibus
685 961 803 1014 allevans
815 973 908 1028 semet,
922 962 1054 1028 utrimque

151 1041 292 1100 conspecta
309 1040 365 1082 est:
385 1030 482 1082 deinde
494 1049 510 1081 a
522 1032 609 1099 capite
623 1031 699 1082 molis
712 1049 799 1084 rursus
810 1031 863 1082 alto
875 1049 903 1082 se
917 1032 1053 1097 immersit,

151 1115 184 1152 eo
197 1099 274 1152 modo
287 1116 365 1168 super
376 1100 461 1152 undas
473 1101 594 1152 eminens
605 1118 701 1168 magna
720 1100 759 1152 sui
780 1109 861 1169 parte,
874 1099 952 1151 modo
965 1116 1056 1166 super·

152 1167 219 1222 susis
231 1169 356 1222 fluctibus
367 1169 479 1236 condita,
489 1167 559 1222 haud
570 1170 658 1237 procul
673 1170 844 1222 munimentis
857 1169 927 1222 urbis
939 1169 1054 1220 emersit.

152 1237 286 1308 Utrisque⁴
294 1237 379 1290 laetus
388 1237 437 1290 suit
447 1238 541 1290 beluae
549 1251 687 1306 aspectus:
703 1239 864 1290 Macedones
874 1238 923 1290 iter
933 1237 1055 1306 jaciendo

152 1308 225 1376 operi
244 1315 388 1359 montrasse
406 1323 465 1360 eam
485 1307 686 1374 augurabantur,
706 1309 777 1376 Tyrii
798 1309 839 1360 Ne
859 1317 960 1376 tonum,
979 1324 1055 1358 occu·

152 1377 206 1496 pati
219 1375 303 1428 maris
315 1375 455 1444 vindicem,
469 1376 613 1444 abripuisse
627 1376 741 1441 beluam,
756 1395 787 1428 ac
800 1325 896 1429 molem
911 1377 983 1428 brevi
999 1391 1055 1444 pro-

164 1453 223 1496 ecto
236 1445 371 1496 ruituram.
408 1445 535 1514 Laetique
548 1445 635 1498 omine
648 1463 679 1496 eo
691 1447 723 1496 ad
744 1445 837 1514 epulas
854 1445 906 1497 dila
926 1446 947 1496 si
965 1462 1055 1496 onera·

153 1530 216 1566 vere
229 1529 258 1565 se
271 1513 338 1582 vino,
351 1530 403 1583 quc
421 1531 516 1582 graves
533 1525 587 1566 orto
605 1514 660 1566 sole
674 1515 777 1581 navigia
789 1464 976 1578 conscendunt,
990 1513 1056 1566 redi·

153 1585 218 1636 mita
231 1582 336 1635 floribus
348 1583 531 1652 coronisque1⁶
542 1583 609 1635 adeo
622 1584 744 1636 victoriae
758 1601 807 1636 non
820 1601 900 1636 omen
911 1583 998 1652 modo,
1009 1581 1055 1636 sed

153 1655 235 1704 etiam
294 1652 672 1721 iulationempraeceperant.⁶

192 1725 231 1774 18.
272 1730 327 1773 crte
346 1738 393 1774 rex
411 1721 523 1772 classem
545 1722 570 1772 in
591 1720 724 1773 diversam
745 1733 845 1790 partem
864 1721 907 1790 agi
926 1721 1057 1789 jusseram

153 1791 258 1858 triginta
276 1789 420 1844 minoribus
437 1790 552 1858 navigiis
569 1790 665 1841 relictis
684 1791 707 1842 in
728 1790 816 1842 litore:
836 1808 851 1842 e
870 1791 966 1860 quibus
984 1790 1055 1857 Tyrii

152 1859 256 1912 duobus
273 1859 364 1930 captis,
377 1867 466 1912 cetera
478 1859 576 1927 ingenti
590 1867 736 1911 terruerunt
749 1870 829 1928 metu,
843 1859 934 1928 donee,
949 1875 1056 1910 snorum

153 1929 270 1982 clamore
292 1928 391 1998 audito,
416 1928 568 1982 Alexander
590 1928 703 1981 classem
729 1929 802 1996 litori,
822 1947 839 1981 a
879 1946 912 1981 uo
936 1929 1057 1980 fremitus

152 1998 294 2066 acciderat,
307 1998 433 2051 admovit.
468 1998 557 2050 Prima
576 2015 591 2050 e
609 1997 787 2050 Macedonum
805 1947 918 2050 navillus
929 1999 1056 2066 quinque·

153 2069 234 2120 remis
257 2067 396 2120 velocitate
421 2067 488 2118 inter
511 2077 614 2119 ceteras
636 2068 758 2120 eminens
779 2067 898 2135 occurrit,
923 2085 1004 2135 quam
1029 2074 1055 2117 ut

153 2152 314 2206 conspexere
334 2136 439 2204 Tyriae,
452 2133 521 2187 duae
540 2153 575 2187 ex
593 2135 696 2187 diverso
715 2137 739 2187 in
759 2136 841 2188 latera
859 2136 917 2206 ejus
935 2137 1057 2188 invectae

153 2213 221 2272 sunt,
241 2206 266 2256 in
287 2220 398 2273 quarum
419 2204 531 2256 alteram
547 2204 745 2272 quinqueremis
764 2205 860 2258 eadem
881 2206 1012 2258 concitata
1030 2213 1056 2255 et

153 2274 212 2342 ipsa
235 2282 315 2324 rostro
339 2273 390 2324 icta
413 2281 461 2340 est,
481 2282 507 2324 et
531 2273 604 2324 illam
622 2273 736 2326 invicem
757 2276 847 2326 tenuit.
884 2275 996 2342 Jamque
1015 2290 1055 2341 ea,

152 2359 221 2412 quae
241 2358 291 2394 non
312 2341 478 2410 cohaerebat,
500 2340 582 2394 libero
603 2343 703 2410 impetu
723 2352 823 2412 evecta,
845 2343 871 2396 in
891 2343 962 2395 aliud
982 2344 1057 2414 quin-

151 2411 286 2482 queremis
304 2410 372 2463 latus
392 2410 571 2479 invehebatur,
585 2427 646 2464 curn
659 2413 850 2481 opportunitate
863 2412 931 2464 mira
943 2412 1056 2464 triremis

151 2497 167 2533 e
185 2480 271 2534 classe
283 2478 427 2533 Alexandri
448 2480 473 2532 in
493 2497 553 2533 eam
574 2481 666 2549 ipsam,
679 2497 748 2550 quae
766 2480 950 2550 quinqueremi
968 2481 1057 2534 immi·

151 2755 156 2764 Ι
177 2697 270 2744 '‘Tbe
285 2696 423 2777 sayeurable
440 2707 498 2744 time
514 2695 550 2744 sor
560 2711 588 2744 so
599 2711 671 2757 many
682 2695 856 2757 undertakings
867 2696 895 2744 ol
906 2696 946 2744 the
958 2695 1055 2757 highest

150 2765 328 2900 rqpppgqqqhe
339 2829 365 2862 as
376 2817 472 2895 delectos
483 2815 576 2862 militer.
609 2814 655 2862 See
668 2815 765 2882 Zumpt,
778 2813 851 2866 utto.
887 2869 891 2880 ,

149 2871 1053 2998 iterrltltlttt‘ttallttltt³ltlf⁴²⁶ttt²ttt¹t5llitut'tm’

179 2987 283 3058 ⁸⁸·With
294 2990 399 3037 wreaths
410 3001 558 3066 or-coronets
570 2989 597 3036 os
609 2990 721 3037 flowers!
754 2992 778 3037 A
789 3005 844 3038 case
855 2990 883 3038 oi
894 2991 959 3038 what
975 3005 1053 3051 grem-

149 3047 482 3166 merhdychlddhdliciitodied
493 3049 572 3154 tslidseZ
572 3047 755 3155 dilill'rdohilof
759 3108 802 3166 joy
811 3107 856 3155 and
865 3107 962 3176 thanim,
974 3106 1054 3155 which

149 3180 188 3212 are
200 3179 286 3224 proper
296 3165 352 3225 only
363 3164 424 3233 ulter
435 3180 449 3211 a
459 3179 601 3234 prospereris
613 3181 685 3212 issue.
718 3165 790 3225 They
799 3165 868 3214 acted
877 3182 903 3214 as
915 3166 935 3213 ri
942 3166 994 3234 that
1006 3165 1053 3236 had

148 3222 1054 3332 “t'ttttlttltltthtlttttttdtztl‘ltrht'ltl'ttstultit

149 3340 177 3388 oi
183 3342 224 3389 the
236 3341 303 3400 ships
312 3340 348 3388 off
353 3341 417 3387 what
425 3355 474 3387 was
480 3341 556 3408 called
564 3341 604 3389 the
614 3317 734 3447 lilgyptiap
741 3353 793 3400 port
801 3342 828 3390 ol
836 3298 1054 3412 Τγτξινὴίἰεῑριὴρ

148 3398 1054 3517 tttlttz'llvtttltttllM:ltttttf‘ttltbttslssttulit
