2410 3890
521 263 613 304 erasa
632 265 673 305 rr.
944 239 950 248 ’
994 251 1051 306 1¹53

138 375 213 428 Haec
224 373 348 444 cupidine
357 372 461 426 visendi
474 373 544 441 regis
555 389 668 426 accensa
680 374 777 428 finibus
788 374 861 444 regni
874 371 1049 446 sui'excessit,

72 463 78 472 “
139 454 248 496 etcum
269 443 339 496 haud
363 443 455 512 procul
478 444 593 510 abesset,
612 445 747 512 praemisit
771 445 926 515 indicantes,
947 445 1051 498 venisse

140 515 258 582 reginam
289 513 406 565 adeundi
432 511 491 581 ejus
516 513 749 582 cognoscendique
777 514 893 567 avidam.
930 514 1052 578 Protinus

139 583 211 636 facta
231 589 360 652 potestate
380 581 511 650 veniendi,
531 581 629 634 ceteris
651 582 732 652 jussis
755 585 906 652 subsistere,
926 585 1053 638 trecentis

139 651 309 705 feminarum¹
330 652 456 704 comitate
476 654 613 719 processit.
649 655 739 722 Atque
762 664 791 705 ut
815 654 931 722 primum
954 669 1000 706 rex
1024 653 1052 706 in

140 733 281 792 conspectu
301 722 356 789 suit,
370 736 438 788 equo
456 720 514 790 ipsa
532 720 640 773 desiluit
656 721 723 774 duas
739 722 845 774 lanceas
857 723 966 774 dextera
979 739 1052 791 prae·

140 791 236 844 serens.
273 791 362 843 Vestis
375 807 426 842 non
438 791 501 842 ῑοῑό2
513 793 680 844 Amazonum
699 793 803 862 corpori
817 791 970 844 obducitur:
989 809 1051 845 nam

140 861 217 913 laeva
235 878 296 931 pars
313 860 347 912 ad
365 869 460 929 pectus
471 869 512 913 est
524 861 603 930 nuda,
617 869 707 913 cetera
719 861 815 914 deinde
827 861 956 914 velantur.
993 862 1052 914 Nec

141 939 229 986 temen
243 932 317 982 sinus
329 929 418 996 vestis,
432 946 513 998 quern
526 930 594 982 nodo
606 929 741 999 colligunt,
755 931 822 983 infra
837 947 924 1000 genua
942 931 1051 984 descen·

141 999 187 1052 dit.
223 1000 315 1052 Altera
339 999 437 1068 papilla
460 999 708 1068 intactaservatur,
734 1017 786 1070 qua
811 999 948 1052 muliebris
972 1017 1053 1053 sexus

141 1069 237 1121 liberos
257 1069 335 1138 alant,
354 1068 483 1121 aduritrn³
499 1069 616 1138 dextera,
637 1079 666 1122 ut
683 1086 762 1122 arcus
780 1070 885 1123 facilius
904 1069 1051 1138 intendant,

142 1147 169 1190 et
181 1138 234 1190 tela
246 1138 357 1190 vibrent.
394 1139 512 1190 Interrito
528 1140 601 1191 vultu
621 1155 711 1206 regem
729 1139 875 1192 Thalestris
893 1139 1050 1210 intuebatur,
1139 1152 1151 1167 ⁸

141 1206 262 1260 habitum
275 1207 333 1276 ejus
347 1207 553 1276 haudquaquam
572 1224 658 1260 rerum
679 1208 766 1262 lamae
784 1226 875 1280 parem
893 1206 977 1260 oculis
995 1224 1052 1277 per-

141 1277 262 1329 lustrans.
299 1276 404 1346 Quippe
423 1277 547 1329 omnibus
567 1277 685 1330 barbaris
705 1279 730 1331 in
751 1295 889 1348 corporum
911 1277 1052 1348 majestate

128 1347 276 1400 ueneratio
292 1349 351 1415 est,⁴
366 1363 575 1416 magnorumque
593 1363 703 1417 operum
721 1365 772 1400 non
790 1349 856 1400 alios
873 1349 988 1418 capaces
1005 1365 1052 1418 pu·

140 1423 204 1483 tant,
224 1433 305 1486 quam
326 1433 392 1484 quos
412 1417 511 1468 eximia
531 1417 621 1486 specie
642 1417 740 1470 donare
762 1428 854 1471 natura
875 1418 981 1486 dignata
1000 1426 1051 1470 est.

141 1485 265 1538 Ceterum
283 1487 447 1555 interrogata,
468 1503 531 1539 num
550 1487 661 1556 aliquid⁶
678 1497 769 1556 petere
785 1488 873 1558 vellet,
887 1487 957 1540 haud
976 1487 1052 1540 dubi

141 1556 206 1607 tavit
218 1555 302 1624 lateri,
316 1556 350 1608 ad
363 1556 598 1609 communicandos
615 1573 677 1610 curn
696 1573 758 1626 rege
777 1557 875 1611 liberos
887 1575 915 1609 ss
928 1557 1050 1628 venisse:

140 1625 256 1694 dignam,
281 1643 315 1679 err
339 1643 391 1696 qua
417 1626 475 1694 ipse
501 1627 574 1694 regni
599 1636 738 1694 generaret
761 1623 883 1680 heredes
920 1626 1051 1680 Femiuini

140 1711 221 1747 senus
238 1712 267 1747 se
285 1703 455 1765 retenturam,
475 1712 578 1748 marem
597 1695 758 1748 reddituram
778 1697 854 1766 patri.
890 1696 1051 1764 Alexander,

138 1777 172 1815 an
192 1781 253 1816 curn
272 1765 328 1834 ipso
346 1765 460 1817 militare
474 1765 733 1837 vellet,‘interrogat:
753 1777 780 1818 et
797 1766 849 1834 illa,
867 1775 975 1818 causata
994 1765 1052 1817 sine

140 1834 251 1900 custode
263 1851 373 1902 regnum
387 1834 533 1903 reliquisse,
548 1842 639 1912 petera
655 1835 849 1904 perseverabat,
863 1852 896 1886 ne
909 1852 938 1886 se
951 1835 1051 1887 irritam

76 1949 81 1958 .
140 1902 208 1971 spei⁶
225 1902 301 1954 abire
319 1912 459 1972 pateretur.
495 1906 587 1956 Acrror
604 1903 638 1955 ad
659 1905 790 1956 Venerem
810 1903 927 1956 feminae
947 1904 1054 1973 cupido,

140 1988 223 2039 qnam
242 1971 317 2039 regis,
338 1979 366 2023 ut
383 1988 482 2039 paucos
499 1973 558 2024 dies
575 1972 738 2042 subsisteret,
756 1973 878 2042 perpulit.
914 1970 975 2025 Xlll
993 1972 1053 2025 dies

140 2041 166 2092 in
185 2040 353 2110 obsequium⁷
370 2041 494 2093 desiderii
513 2041 572 2110 ejus
588 2041 722 2112 absumpti
741 2051 810 2096 sunt.
846 2041 917 2095 Turn
934 2042 980 2094 illa
996 2059 1052 2112 reg·

138 2119 205 2162 num
218 2126 304 2180 suum,
319 2127 365 2162 rex
376 2109 534 2163 Parthienen
546 2112 704 2180 petiverunt.

176 2181 218 2231 20.
240 2178 289 2230 Hic
302 2195 363 2231 vero
381 2179 469 2248 palam
487 2180 653 2250 cupididates
671 2199 734 2234 suas
752 2181 836 2250 solvit,
850 2181 1051 2234 continentiam·

138 2263 193 2316 que
209 2257 236 2300 et
251 2248 466 2318 moderationem,
482 2249 509 2302 in
522 2250 652 2304 altissima
664 2269 770 2322 quaque
784 2251 898 2304 lortuna⁸
908 2251 1052 2304 eminentia

139 2316 217 2387 bona,
231 2318 258 2370 in
271 2316 422 2388 superbiam
441 2335 473 2371 ac
490 2319 628 2374 lasciviam
642 2322 728 2374 vertit.
765 2322 865 2376 Patrios
877 2338 963 2374 mores
974 2321 1052 2373 <lisci-

140 2387 296 2509 plinamque
314 2387 494 2441 Macedonum
507 2406 600 2457 regum
612 2390 751 2444 salubriter
763 2401 938 2460 temperatam
951 2399 977 2442 et
990 2389 1051 2442 ciri·

151 2473 195 2510 sm
219 2457 351 2510 habitum⁰
370 2457 442 2510 velut
462 2457 561 2510 leviora
581 2461 763 2528 magnitudine
786 2479 834 2514 sua
856 2461 966 2528 ducens,
991 2459 1051 2512 Per·

140 2578 168 2626 of
174 2593 247 2638 many
260 2577 342 2626 Greek
353 2577 481 2626 historiens
489 2577 617 2646 [whereas
628 2578 669 2626 the
680 2579 758 2626 whole
769 2590 837 2638 story
847 2593 899 2626 was
910 2577 1052 2626 considered

139 2635 1050 2755 bt‘ltu⁰ttttt‘t03ltltnfflthtttt‘triturat-*titulum

140 2713 367 2804 beenmorgeusual.
400 2756 446 2804 Sec
460 2712 627 2806 cremitam.
655 2731 661 2752 ’
736 2713 752 2756 g
1099 2768 1101 2778 ⁴

168 2814 236 2862 'For
247 2818 291 2864 toti
298 2833 308 2872 ,·
326 2831 386 2864 rare.
418 2816 465 2864 See
479 2816 558 2862 Grcm.
571 2814 631 2872 MS,
644 2824 700 2862 note
711 2817 733 2869 3,
747 2814 792 2863 and
805 2814 903 2882 Zumpt,
916 2814 990 2866 2140.

169 2873 210 2920 ⁸.It
227 2873 248 2920 is
264 2875 364 2930 burned,
381 2875 406 2922 in
421 2873 491 2924 order
507 2886 531 2922 to
547 2873 625 2922 check
641 2873 681 2921 the
697 2873 784 2922 semels
800 2873 911 2934 seeltngs,
931 2873 977 2922 and
993 2873 1051 2922 thus

140 2932 226 2982 render
236 2933 276 2980 the
289 2935 413 2982 Amazone
424 2945 516 2982 sternet
527 2933 645 2982 warriors.
861 2977 868 2986 .

170 2996 178 3019 ⁴
188 2991 334 3050 Equivulent
345 3003 370 3040 to
380 2995 472 3041 barbari
481 2995 583 3054 corporis
594 2995 738 3054 ntujestetem
748 3001 898 3041 vendantur.

170 3058 178 3082 ⁶
188 3049 291 3110 Usually
300 3069 357 3100 num
367 3055 430 3112 qaid.
463 3053 509 3101 See
520 3053 600 3100 Gram.
613 3052 626 3104 b
637 3057 687 3109 122,
700 3056 722 3108 5,
735 3063 799 3100 note.

167 3116 176 3140 ⁸
190 3109 316 3158 ‘Without
327 3111 366 3157 the
375 3111 502 3180 sulfilment
511 3111 538 3159 oi
544 3111 587 3180 her
595 3111 675 3171 hope.’
694 3111 741 3159 See
752 3111 831 3159 Grom.
842 3111 917 3168 2277,
928 3115 951 3167 2,
961 3119 1018 3159 note
1029 3114 1049 3157 1.

168 3167 314 3217 '‘Deroted
328 3180 355 3240 to
371 3169 587 3242 thegrutrficutron
603 3171 631 3219 cf
642 3171 686 3219 her
700 3169 796 3219 desire.‘
828 3169 974 3230 Equivalent
987 3180 1012 3216 to
1022 3177 1049 3217 at

139 3231 557 3348 obqepdqperppplreqqqqevserdeqqqhm
568 3289 629 3337 rank
637 3291 653 3347 ;'
671 3289 723 3338 that
734 3289 764 3346 is,
777 3288 818 3337 the
829 3287 915 3350 higher
926 3287 966 3336 the
977 3285 1047 3343 rank,

139 3347 267 3417 themora,
310 3363 331 3394 c.
364 3347 409 3394 See
422 3304 636 3420 rZyumpt,t71t).n
660 3407 664 3418 ¹
823 3407 827 3417 Ι
960 3407 989 3419 Η

167 3410 177 3436 ·
190 3406 269 3455 ‘Crvrl
280 3405 400 3454 conduct)
414 3465 418 3474 Ι
433 3408 457 3453 Α
468 3410 559 3475 tubam
570 3411 647 3457 modas
658 3424 678 3456 rs
691 3407 731 3456 the
742 3407 874 3456 behavrour
884 3406 912 3455 os
919 3423 933 3454 a
942 3413 1048 3477 οπως-

138 3466 302 3582 hfflgflffvu'
320 3483 347 3516 as
363 3465 541 3526 distrngutshed
555 3467 616 3516 from
633 3467 685 3516 that
700 3467 728 3515 of
739 3468 877 3516 edoniaco
892 3477 919 3515 to
933 3481 1049 3528 manupae
