2314 3886
139 193 196 250 leo
406 207 445 246 oa
470 209 576 248 casrrs
598 209 782 250 atsxrrruar.

136 325 261 388 parentes
272 315 362 369 liberis
374 315 395 368 si
408 327 552 386 occurrant,
566 329 593 369 et
605 317 698 385 ingrati
715 327 742 369 et
757 317 832 368 invisi
844 325 913 368 sunt.
950 317 1062 368 Contra

137 400 199 440 cum
212 387 287 438 donis
299 385 463 454 honoramur,
481 403 544 438 cum
562 388 688 456 praemiis
704 387 790 438 onusti
810 387 970 452 revertimur,
988 387 1061 454 quis

137 457 206 510 serre
218 473 266 508 nos
277 463 363 525 potest
372 456 393 507 ll
406 456 467 524 quis
477 455 550 508 illam
559 458 707 508 animorum
716 455 881 508 alacritatem
890 455 1059 507 continere?
1087 505 1098 518 ,

137 524 311 580 Militantium
332 542 382 578 nec
402 525 554 593 indignatio,
574 543 624 579 nec
644 525 743 578 laetitia
763 526 898 578 moderata
917 535 965 575 est.
1006 523 1058 576 Ad

136 612 230 648 omnes
253 595 366 648 affectus
391 595 492 664 impetu
515 595 638 663 rapimur,
676 595 870 663 Vituperamus,
895 593 1055 662 laudamus,

136 666 301 732 miseremur,
329 665 473 732 irascimur,
500 673 635 732 utcunque
661 681 787 732 praeseus
813 664 895 716 movit
920 663 1054 714 affectio:

136 734 215 787 modo
239 734 344 786 Indiam
365 733 439 786 adire
458 741 485 785 et
505 733 641 785 Oceanum
661 733 734 801 libet,
756 733 835 785 modo
855 731 1000 800 conjugum
1023 740 1055 784 et

137 803 280 857 liberorum
292 806 445 872 patriaeque
457 803 585 856 memoria
596 803 715 854 occurrit.
740 801 792 856 Sed
805 801 854 854 has
866 801 1052 869 cogitationes,

136 873 186 926 has
204 873 272 926 inter
289 890 318 924 se
336 871 542 939 colloquentium
555 873 654 942 voces,l
670 872 776 939 signum
792 871 855 923 tuba
867 871 958 923 datum
966 869 1050 922 linit:

136 943 163 996 in
176 959 237 996 suos
249 943 360 1011 quisque
372 941 478 993 ordines
491 941 627 1010 currimus,
638 951 665 993 et
674 942 798 1010 quicquid
813 942 908 992 irarum
921 943 945 991 in
960 939 1052 992 taber·

136 1013 231 1066 naculo
245 1019 404 1080 conceptum
416 1021 457 1062 est
470 1011 497 1063 in
510 1009 624 1064 hostium
642 1009 785 1063 effunditur
803 1011 899 1078 capita.
934 1009 1051 1062 Utinam

137 1080 255 1135 Philotas
272 1095 378 1150 quoque
396 1081 462 1132 intra
474 1080 556 1133 verba
569 1079 721 1150 peccasset!
760 1079 872 1132 Proinde
884 1077 919 1130 ad
931 1079 956 1130 id
970 1095 1050 1148 prae·

136 1159 232 1218 vertas,
245 1151 430 1219 propterquod
443 1149 482 1201 rei
494 1167 594 1202 sumus.
720 1175 721 1178 ¹

172 1225 197 1272 l.
215 1219 379 1287 Amicitiam,
398 1235 467 1288 quae
487 1218 563 1271 uobis
576 1236 642 1276 ,cum
661 1218 764 1270 Philota
781 1216 839 1286 suit,
858 1216 925 1268 adeo
943 1233 993 1269 non
1014 1233 1050 1269 eo

137 1289 254 1357 infitias,³
272 1295 300 1340 ut
319 1289 451 1355 expetisse
469 1305 573 1356 quoque
591 1304 645 1356 nos,
661 1303 824 1356 magnosque
843 1303 926 1340 exeo
944 1285 1050 1339 fructus

137 1357 289 1428 percepisse
302 1357 436 1410 confitear.
473 1361 514 1410 An
528 1374 588 1410 vero
601 1357 789 1424 Parmenionis,
803 1373 882 1425 quem
900 1356 947 1408 tibi
960 1357 1047 1424 proxi·

137 1443 212 1480 mum
230 1442 290 1478 esse
303 1425 415 1495 voluisti,
431 1426 523 1495 filium,
540 1443 633 1480 omnes
651 1443 736 1495 paene
756 1426 858 1478 amicos
876 1434 934 1476 tuos
952 1425 1044 1492 digna·

137 1495 219 1548 tioue⁴
230 1495 390 1558 vincentem,
404 1495 505 1548 cultum
524 1513 540 1547 a
558 1497 634 1550 uobis
646 1513 705 1550 esse
718 1495 839 1548 mirarisl
874 1495 915 1546 Tu
929 1494 1045 1564 hercule,

137 1565 160 1618 si
173 1582 266 1617 verum
278 1565 369 1618 audire
381 1565 429 1635 vis,
443 1583 497 1634 rex,
511 1565 590 1634 hujus
606 1565 682 1618 uobis
693 1565 801 1634 periculi
814 1581 844 1616 es
856 1581 944 1616 causa.
979 1564 1048 1622 Quis

137 1635 210 1688 euim
229 1634 297 1687 alius
317 1633 414 1703 effecit,
434 1644 463 1687 ut
482 1636 516 1687 ad
538 1635 668 1688 Philotam
689 1635 857 1686 decurrerent
875 1635 920 1700 qui
939 1634 1045 1701 placere

136 1704 236 1756 vellent
255 1703 322 1756 ubit
358 1704 401 1757 Ab
419 1703 463 1756 illo
481 1704 568 1756 traditi
581 1704 615 1756 ad
628 1703 699 1756 hunc
710 1703 822 1772 gradum
834 1703 968 1754 amicitiae
982 1713 1045 1755 tuae

136 1773 315 1826 ascendimus.
351 1773 378 1826 ls
389 1773 459 1842 apud
472 1783 498 1825 te
511 1773 567 1842 luit,
580 1773 657 1842 cujus
668 1775 779 1840 gratiam
792 1781 924 1841 expetere,
938 1781 965 1824 et
976 1773 1044 1825 iram

136 1843 230 1896 timere
251 1845 410 1913 possemus.⁶
445 1845 487 1896 An
507 1859 558 1895 non
578 1843 770 1912 propemodum
790 1843 816 1894 iu
835 1850 880 1894 tua
898 1842 988 1895 verba⁶
1006 1841 1044 1894 tui

135 1929 230 1966 omnes
249 1922 276 1966 te
296 1920 440 1982 praeeunte
462 1913 616 1982 juravimus,
638 1912 748 1964 eosdem
771 1927 818 1964 nos
838 1912 959 1963 inimicos
977 1912 1044 1964 arni·

136 1999 235 2051 cosque
255 1982 391 2035 habituros
410 1999 478 2051 esse,
500 1999 565 2052 quos
584 1991 612 2035 tu
634 1981 767 2035 haberes?
803 1981 858 2032 Hoc
879 1988 1044 2034 sacramento

135 2037 244 2121 pietalis
268 2051 386 2105 obstricti
411 2067 594 2104 aversaremur
618 2052 739 2119 scilicet,⁷
763 2067 842 2120 quern
870 2059 897 2102 tu
923 2049 1045 2104 omnibus

155 2119 321 2173 raelerebasl
360 2120 448 2189 Igitur,
469 2120 492 2172 si
511 2121 560 2172 hoc
579 2121 679 2173 crimen
700 2129 748 2186 est,
769 2135 867 2189 paucos
889 2120 1044 2172 innocentes

173 2191 234 2242 bes:
265 2190 348 2242 immo
378 2188 485 2241 hercule
514 2190 658 2243 neminem.
705 2191 804 2244 Omnes
827 2190 899 2242 enirn
923 2189 1043 2242 Philotae

135 2259 216 2312 amici
234 2275 294 2311 esse
312 2257 458 2327 voluerunt,
478 2258 526 2320 sed
544 2259 663 2330 totidem,
681 2269 744 2327 quot
762 2259 886 2312 volebant
906 2275 973 2326 esse,
992 2273 1042 2310 non

135 2336 264 2397 poterant.
301 2327 348 2395 lta,
362 2328 383 2380 si
396 2345 412 2379 a
424 2327 536 2380 consciis
552 2328 654 2380 amicos
671 2345 722 2381 uon
740 2327 845 2397 dividis,
859 2347 892 2381 ue
905 2328 940 2381 ab
951 2327 1043 2380 amicis

135 2397 243 2466 quidem
273 2391 409 2466 separabis
438 2396 503 2466 illos,
528 2397 573 2466 qui
599 2397 670 2452 idem
694 2415 754 2450 esse
777 2398 924 2452 voluerunt.
969 2397 1041 2455 Quod

135 2466 213 2534 igitur
225 2467 402 2520 conscientiae
415 2465 524 2519 affertur
537 2467 682 2520 indicium&
719 2468 753 2521 Ut
771 2469 868 2536 opinor,
882 2468 944 2537 quia
961 2465 1042 2537 pridie

135 2535 301 2589 familiariter
324 2544 351 2589 et
371 2535 427 2588 sine
446 2536 548 2588 arbitris
566 2536 670 2590 locutus
689 2545 729 2589 est
749 2537 903 2590 nobiscum!
940 2539 975 2589 At
994 2553 1042 2604 ego

135 2621 247 2676 purgare
265 2623 315 2658 non
336 2621 450 2676 possem,
464 2605 487 2658 si
507 2605 590 2676 pridie
611 2610 756 2675 quicquam
776 2623 811 2659 ex
830 2615 920 2659 vetere
939 2606 993 2658 vita
1010 2621 1042 2658 ac

164 2745 171 2768 ¹
184 2739 266 2789 ‘Who
277 2755 322 2788 can
332 2741 390 2787 bear
401 2739 453 2788 usl’
471 2738 524 2786 that
537 2739 566 2795 is,
583 2739 653 2787 ‘who
663 2755 708 2787 can
719 2738 808 2788 eudure
820 2755 864 2788 our
874 2740 986 2800 boasting
995 2740 1041 2789 and

135 2797 197 2858 losty
208 2798 274 2904 {deas
285 2798 313 2846 os
327 2814 370 2847 our
388 2813 445 2846 own
462 2798 554 2854 merite,
567 2812 594 2845 or
609 2808 635 2846 to
646 2798 727 2846 whom
743 2814 782 2846 are
798 2800 866 2848 these
874 2808 924 2847 «not
940 2799 1040 2848 burden·

134 2873 202 2906 some

163 2920 173 2946 ⁹
185 2915 283 2962 ‘These
295 2915 468 2974 expressions,’
482 2931 509 2964 or
522 2916 585 2963 ‘this
597 2915 654 2964 kind
666 2915 694 2963 os
703 2916 838 2978 language.’

163 2975 207 3021 ⁸A
219 2973 304 3032 phrase
316 2973 454 3032 equivalent
465 2983 491 3023 to
502 2977 601 3036 infitior,
614 2976 659 3023 ari.
691 2975 737 3023 See
752 2977 831 3024 Graan.
843 2977 856 3028 b
866 2979 903 3033 80,
917 2980 939 3031 5,
953 2984 1007 3024 note
1019 2979 1039 3025 l.

163 3038 173 3063 ⁴
184 3033 299 3081 ‘Honour
310 3048 337 3080 or
346 3032 486 3082 distinction
493 3035 509 3091 ;’
522 3037 584 3094 quod
594 3043 621 3081 to
632 3051 683 3082 com
692 3037 719 3082 d·
735 3037 837 3084 achara.

164 3099 172 3124 ⁵
182 3092 232 3140 For
242 3091 283 3138 the
294 3093 458 3140 construction
468 3093 496 3140 ol
507 3093 548 3140 the
565 3093 665 3142 relative
676 3095 718 3142 wit
751 3094 792 3142 the
808 3095 960 3155 subjunctive
973 3093 1036 3152 here,

134 3149 405 3270 εθῗΙξγέἷῗεὶιξιῗεόῗένΒῦᾗ
410 3211 497 3270 jurare
507 3226 591 3260 means
605 3215 645 3259 ‘to
655 3211 712 3260 take
721 3213 816 3260 aneath
825 3212 952 3272 offidelity
962 3221 1038 3273 toucy

134 3284 179 3318 one
188 3270 204 3326 ς’
217 3271 258 3316 the
270 3278 332 3316 term
343 3271 410 3315 uerbo
421 3284 504 3316 means
513 3269 570 3318 here
581 3271 623 3319 the
634 3271 736 3319 formula
746 3271 774 3320 ol
785 3272 827 3320 the
838 3271 903 3319 oath.

163 3327 296 3376 'Ironicalr
317 3326 347 3374 ‘it
359 3342 410 3374 was
426 3342 469 3374 our
484 3328 545 3396 duty
556 3344 586 3376 no
601 3329 676 3378 doubt
692 3340 717 3378 to
733 3330 828 3406 despise
839 3331 890 3379 him
901 3331 982 3379 whom
989 3345 1038 3391 you

133 3386 256 3456 preferred
274 3399 300 3435 to
320 3385 376 3433 alll’
410 3385 465 3435 The
486 3387 600 3446 principle
616 3389 644 3438 of
659 3389 701 3438 the
719 3390 872 3450 subjunctive
889 3390 945 3439 here
961 3391 982 3438 is
997 3389 1037 3439 the

133 3460 201 3495 same
212 3462 239 3495 as
249 3461 274 3495 1n
284 3445 326 3495 the
338 3460 393 3494 care
404 3444 432 3493 of
446 3445 525 3494 Gran.
537 3446 551 3497 l
562 3449 614 3498 349.
