2314 3886
181 225 240 280 282
450 239 489 280 rra
513 237 621 278 essars
642 237 816 278 ruaxruurrr

181 349 248 401 tium
266 347 367 417 pignus,
383 363 465 416 quem
482 347 598 400 divisum
617 345 704 412 gladio
721 354 832 414 uterque
850 345 984 398 libabat.¹
1023 345 1099 398 Credo

181 433 234 484 eos,
256 417 301 484 qui
321 418 409 485 gentis
427 432 515 470 mores
534 415 713 482 condidemut,
734 429 812 483 parco
834 423 862 466 et
886 415 1014 482 parabili
1036 419 1097 468 victu

180 485 320 539 ostendere
332 487 448 539 voluisse
464 484 636 555 jungentibus
653 501 724 552 opes,
740 483 878 552 quantulo²
894 486 1029 538 contenti
1047 503 1097 536 ease

180 555 317 608 deberent.
351 555 407 608 Hoc
419 555 497 608 modo
510 571 556 608 rex
568 552 648 606 Asiae
661 563 687 605 et
701 555 821 622 Europae
833 553 1028 606 introductam
1041 557 1096 606 iuter

180 625 332 678 conrivales
351 624 428 678 lurlos
446 624 612 678 matrimonio
635 622 683 674 eibi
706 622 834 692 adjunxit,
855 640 871 674 e
890 623 1012 690 captiva
1032 627 1096 692 geui-

181 705 263 762 turus,
291 695 316 748 ui
325 695 467 748 victoribus
479 695 628 762 imperaret.
658 691 779 744 Pudebat
790 692 899 758 amicos,
911 709 1003 760 super
1013 695 1095 745 vinuur

180 771 208 815 et
225 712 318 832 epuiae
336 779 456 816 socerum
475 780 508 815 err
526 761 624 814 deditis
641 777 701 813 esse
719 759 870 814 delectum:
889 762 942 812 sed
961 773 1028 830 post
1044 763 1093 815 Cliti

179 833 293 954 qqederu
311 833 433 887 libertate
452 831 563 900 sublata,
576 831 659 900 vultu,
672 831 718 900 qui
730 830 846 884 maxime
859 831 954 900 servit,
969 833 1093 884 essentie

215 904 294 956 ntur?

216 977 257 1024 rt.
275 973 400 1025 Ceterum
418 969 521 1025 Indiam
534 969 635 1023 atinde
648 969 784 1022 Oceanum
799 968 941 1038 petiturus,
954 986 996 1020 ue
1008 970 1092 1038 quide

180 1051 260 1109 tergo,
279 1041 349 1110 quod
366 1040 510 1092 destinata⁴
526 1039 655 1108 impedire
673 1046 770 1106 posset,
787 1047 950 1106 moveretur,
965 1055 1006 1090 ex
1017 1041 1092 1091 curui

179 1109 229 1163 bus
252 1111 392 1179 provinciis
414 1110 485 1162 XXX
507 1109 581 1162 milia
608 1107 740 1176 juniorum
770 1107 824 1174 legi
850 1106 930 1176 jussit
955 1119 987 1159 et
1012 1109 1047 1160 ad
1069 1124 1092 1160 se

177 1189 281 1232 armata
303 1180 420 1248 perduoi,
444 1178 550 1231 obsides
572 1177 650 1230 simul
675 1175 811 1230 habitums
833 1184 862 1228 et
884 1177 1001 1229 milites.
1040 1179 1092 1229 Cra·

178 1258 265 1300 terum
282 1257 371 1300 autern
392 1247 427 1300 ad
447 1246 644 1327 persequendos
661 1246 824 1298 Haustauern
843 1253 870 1296 et
887 1246 1036 1315 Catenem‚
1054 1247 1092 1315 qui

177 1316 213 1369 ab
237 1317 292 1385 ipso
315 1317 478 1386 deiecerant,
502 1318 590 1370 misit:
614 1331 727 1384 quorum
750 1317 899 1368 Haustanes
924 1325 1028 1384 captus
1050 1325 1091 1383 est,

178 1386 293 1438 Catenes
315 1385 342 1438 in
365 1385 462 1456 proelio
485 1386 597 1438 occisus.
634 1385 795 1454 Polypercon
816 1399 924 1453 quoque
946 1387 1090 1454 regionem,

177 1470 246 1524 quae
270 1455 412 1508 Bubacene
435 1453 602 1524 appellatur,⁶
625 1455 651 1507 iu
675 1454 808 1507 dicionem
832 1453 945 1520 redegit.
993 1455 1090 1523 ltaque,

115 1556 122 1560 -
177 1523 302 1576 omnibus
320 1525 479 1593 compositio,
501 1523 716 1592 cogitationesiu
738 1523 839 1576 bellurn
859 1523 988 1576 ludicum
1010 1526 1089 1576 vertit.

178 1593 260 1646 Dives
279 1593 352 1662 regio
371 1593 518 1647 habebatur
535 1610 586 1646 uon
604 1608 668 1645 auro
685 1593 771 1662 modo,
785 1591 832 1646 sed
847 1593 967 1660 gemmis
988 1611 1090 1662 quoque

177 1663 386 1733 margaritisque,
409 1662 445 1716 ad
469 1663 562 1716 luxum
590 1663 677 1730 magis
699 1679 781 1732 quam
803 1660 837 1714 ad
861 1663 1089 1729 magnificentiam

178 1732 291 1784 exculta.
328 1733 408 1786 Periti
431 1732 560 1784 militares
582 1748 646 1786 auro
669 1742 697 1784 et
719 1731 799 1784 ebore
816 1730 920 1798 fulgere
939 1731 1090 1786 dicebaut.⁴
1118 1773 1119 1782 ,

177 1802 275 1870 itaque,
307 1802 402 1855 necubi
427 1801 584 1869 vinceretur,
611 1817 673 1854 curu
702 1801 798 1854 ceteris
825 1807 986 1870 praestaret,
1017 1802 1089 1854 scutis
1118 1785 1119 1868 i

176 1879 317 1938 argenteas
334 1871 466 1992 laminaqt
482 1870 561 1940 equis
578 1870 666 1923 frenos
682 1886 778 1924 aureos
794 1869 902 1938 addidit,
918 1869 1089 1940 loricasque
1118 1871 1119 1894 ¹

177 1957 229 2010 que
249 1941 317 1994 alias
336 1958 408 2010 auro,
427 1941 495 1994 aias
512 1939 785 2008 argento'ado'ruavit.
820 1939 889 1990 CXX
907 1939 990 1992 milia
1011 1957 1090 1993 arura·

177 2019 262 2062 torum
275 2019 356 2078 eraut,
370 2027 439 2079 quae
452 2027 542 2078 regem
554 2010 588 2061 arl
601 2009 628 2062 id
641 2009 742 2062 bellum
755 2007 942 2076 sequebantur.
977 2011 1090 2078 Jamque

177 2078 301 2131 omuibus
329 2080 500 2150 praeparatis,
524 2077 594 2147 quod
618 2078 682 2132 olim
704 2095 785 2146 prava
808 2085 898 2130 ruente
922 2089 1089 2150 conceperat,

177 2155 241 2200 trino
261 2163 321 2198 esse
341 2157 473 2202 maturum
494 2155 573 2217 ratus,
593 2163 708 2216 quonam
729 2146 808 2202 ruodo
827 2146 961 2200 coelestes
982 2149 1090 2202 bonores

177 2226 322 2284 usurparet,
340 2213 459 2284 coepita
481 2218 555 2270 itare.
590 2217 665 2271 loris
682 2216 766 2272 lilium
784 2231 836 2268 nou
852 2215 906 2268 dici
925 2224 1038 2272 tanturn
1056 2235 1088 2285 se,

177 2282 225 2336 sed
244 2284 327 2335 etiam
345 2285 417 2337 credi
435 2235 549 2355 uniebat,
568 2293 695 2356 tauquam
713 2285 822 2354 perinde
839 2285 940 2337 animis
958 2287 1089 2356 imperare

213 2361 266 2404 sset
283 2369 316 2404 ac
334 2352 437 2422 linguis,
451 2355 541 2423 itaque
553 2371 627 2408 more
645 2356 785 2408 Persarum
803 2354 971 2407 Macedonas
984 2373 1089 2410 venera-

196 2421 291 2474 uudos⁸
309 2421 395 2490 ipsum
422 2422 537 2476 salutare
562 2433 759 2494 prosternentes
782 2423 858 2476 humi
876 2439 999 2493 corpora.
1036 2429 1088 2480 Non

176 2491 269 2544 deerat
294 2491 356 2543 talia
385 2493 583 2561 concupiscenti
609 2494 754 2562 perniciose
777 2493 902 2562 adulatio,
928 2506 1087 2564 perpetuum

206 2607 213 2631 ¹
227 2606 233 2627 ⁴
244 2600 280 2648 Of
291 2600 370 2649 which
382 2601 441 2649 each
453 2601 508 2650 ate!
541 2601 661 2663 Compare
672 2619 695 2651 v.
707 2607 728 2652 8.

205 2665 215 2691 ⁸
227 2661 312 2708 ‘With
323 2661 379 2709 how
391 2660 469 2709 little!

206 2719 306 2788 'There
317 2737 367 2768 was
378 2721 402 2768 irr
414 2719 479 2768 tmth
491 2735 522 2767 uo
532 2720 674 2768 reasonable
684 2721 777 2790 ground
788 2721 824 2770 ior
834 2720 943 2782 blemiug
955 2722 1000 2771 the
1012 2739 1060 2785 you

178 2778 219 2826 lriu
245 2795 250 2836 ;
269 2795 343 2835 eruce,
357 2779 449 2840 though
461 2779 491 2827 he
503 2795 553 2827 was
564 2795 595 2828 no
606 2779 681 2827 doubt
693 2780 805 2828 rnflamed
816 2781 849 2840 by
861 2780 922 2834 love.
937 2781 991 2830 still
1003 2785 1035 2832 he
1046 2787 1073 2832 he
1119 2793 1120 2836 ξ

178 2795 286 2898 thehigh
296 2839 376 2898 object
385 2839 409 2887 iu
418 2839 481 2886 view
490 2837 518 2886 oi
525 2839 618 2908 uniting
626 2840 659 2898 by
668 2839 716 2887 this
725 2839 841 2900 marriage
854 2837 952 2898 Europe
962 2843 1012 2892 end
1022 2846 1085 2900 Asia,
1119 2843 1120 2906 j

166 2896 762 3025 ¹copqiffiqoqsegrqusqqqqqqrqqdqqqqlpiqqssqqqlqch
773 2957 803 3006 he
814 2956 861 3005 had
872 2957 986 3006 resolved
999 2963 1077 3020 upon*
1119 2921 1120 2994 i

206 3013 266 3058 ‘Au
278 3013 401 3062 unknown
411 3029 531 3074 province.
1119 3051 1120 3056 =

195 3075 215 3140 ι’
229 3071 327 3138 ‘These
337 3071 465 3141 who'were
474 3073 617 3134 acquainterl
625 3073 684 3122 with
694 3073 735 3122 the
747 3085 849 3136 country
858 3073 909 3124 said
921 3074 975 3122 that
988 3075 1031 3126 the
1042 3080 1084 3126 sol-

177 3130 241 3178 drers
252 3129 364 3190 glrttcred
373 3131 431 3179 wrth
442 3133 498 3194 gold
510 3133 555 3180 arrd
567 3133 652 3194 ἰνοῐγ.1
681 3133 735 3181 The
745 3149 787 3182 rrse
797 3133 946 3183 olmrlr'tcrrea
958 3134 1084 3186 semiliter

176 3190 221 3238 lres
232 3205 263 3236 uo
274 3187 348 3236 doubt
360 3204 374 3236 e
384 3190 505 3240 reference
516 3201 541 3240 to
552 3192 593 3240 the
604 3193 661 3250 lact,
673 3193 725 3241 that
737 3193 778 3241 the
790 3191 893 3253 soldiery
904 3191 1002 3243 formed
1014 3197 1039 3246 in
1048 3197 1083 3245 ltr-
1119 3228 1120 3233 =

176 3249 216 3298 dia
227 3264 241 3296 a
251 3256 360 3306 separate
372 3248 442 3296 class.

206 3306 343 3354 '‘Pletes.’

205 3363 432 3422 ¹⁴worshtpping:’
450 3368 559 3413 uenerari
574 3365 666 3420 (Greek
681 3374 807 3428 προςκυνεῖν)
823 3367 882 3417 does
898 3378 940 3418 not
958 3373 1084 3422 consistiu

178 3421 478 3529 pqeerqnffiudqlquqiquaput
490 3421 514 3468 iu
524 3423 645 3484 tbrorring
655 3425 724 3473 oue's
734 3425 785 3474 sels
790 3439 855 3488 upon
865 3425 907 3476 tlre
915 3431 1021 3490 ground,
1030 3433 1083 3481 rritlr
