2410 3890
526 227 615 268 sinan
638 227 679 268 iv.
758 209 759 216 ’
1017 210 1053 266 91

145 343 245 390 careni.
280 335 377 405 Neque
388 334 461 388 cuim
478 333 511 388 ad
529 334 593 388 belli
605 335 747 390 discrimen
759 336 898 405 pertinere,
911 336 956 406 qui
968 335 1002 390 ab
1013 334 1057 389 his

145 403 269 474 Scythae,
288 405 368 474 quive
389 403 496 456 Cadusii
515 404 727 473 appellarentur.¹
763 405 803 459 Ob
823 404 851 458 id
872 407 967 474 ipsum,
986 404 1057 474 quod
1106 426 1109 434 ·

145 475 226 542 ignoti
239 483 337 545 essent,
350 473 478 542 ignobiles
490 489 559 524 esse.
595 475 738 544 Nunquam
757 475 867 542 ignorari
881 475 949 526 viros
961 475 1056 527 sortes:

144 553 173 596 at
197 543 328 612 imbelles,
350 560 384 596 ex
407 542 516 594 latebris
540 544 594 596 suis
617 553 713 613 erutos,
738 543 803 596 nihil
827 555 930 614 praeter
951 544 1058 596 nomina

145 611 249 665 afferre.
285 613 450 666 Macedonas
462 611 557 665 virtute
570 622 713 684 assecutos,
726 631 760 666 iic
773 615 833 682 quis
845 623 897 665 toto
910 612 972 665 orbe
985 613 1059 666 locus

146 691 225 752 esset,
235 683 279 751 qui
292 682 360 734 tales
368 681 438 734 viros
449 682 587 750 ignoraret.
613 684 779 736 Intuerentur
788 683 957 736 barbarorum
970 683 1058 734 incon·

146 751 233 804 ditum
254 769 366 820 agmen:
393 751 474 804 alium
495 751 561 806 nihil
580 761 685 822 praeter
703 751 823 822 jaculum
847 750 953 819 habere,
974 751 1058 804 alium

147 818 230 874 funda
251 838 315 874 saiia
334 821 438 889 librare,
459 823 551 890 paucis
570 821 652 891 justa²
671 839 746 874 arma
766 838 834 874 esse.
870 821 963 888 ltaque
987 819 1059 872 illinc

166 890 236 944 lures
246 900 331 943 stare:
351 890 412 943 hino
431 891 520 959 plnres
538 891 720 953 dimicaturos.
756 891 816 944 Nec
833 889 966 960 postulare
980 907 1016 954 se,
1031 898 1059 942 ut

147 908 248 1012 dbrtiter
256 969 425 1029 capesserent
437 960 573 1030 proelium,
587 961 613 1014 ni
627 961 683 1030 ipse
693 959 789 1012 ceteris
798 959 957 1012 fortitudinis
967 958 1059 1012 suisset

148 1030 312 1100 exemplum.
348 1029 381 1082 Se
405 1040 466 1082 ante
489 1030 575 1100 prima
596 1030 671 1098 signa
691 1029 888 1082 dimicatumm.
925 1027 1059 1096 Spondere

147 1115 194 1168 pro
215 1117 244 1150 se
266 1108 302 1152 tot
322 1099 466 1168 cicatrices,
488 1100 602 1152 totidem
618 1100 732 1170 corporis
752 1099 862 1161 deceta:
888 1098 956 1150 scire
981 1099 1059 1166 ipsos,

147 1185 232 1222 unum
244 1185 329 1238 paene
348 1186 377 1221 se
395 1169 510 1238 praedae
523 1169 673 1225 communis
686 1178 817 1224 exsortem
841 1169 867 1220 in
880 1168 931 1220 illis
943 1165 1061 1220 colendis

148 1237 323 1308 ornandisque
344 1240 480 1308 usurpaie³
498 1240 621 1291 victoriae
642 1238 771 1308 praemia.
832 1255 880 1290 aec
901 1254 930 1288 se
951 1235 1062 1288 sortibus

149 1307 212 1363 viris
223 1307 320 1360 dicere.
357 1307 383 1361 Si
396 1325 439 1376 qui
452 1308 597 1362 dissimiles
609 1325 701 1361 eorum
711 1315 811 1375 essent,
825 1307 869 1358 illa
882 1307 965 1359 luisse
978 1305 1061 1358 diotu-

149 1393 222 1430 rain:
242 1377 395 1448 pervenisse
408 1395 447 1446 eo,
460 1377 531 1431 unde
544 1377 636 1446 fugere
650 1395 700 1430 non
718 1386 834 1446 possent.
870 1377 920 1428 Tot
933 1383 1060 1428 terrarum

149 1447 233 1516 spatia
243 1446 366 1515 emensis,
377 1455 413 1500 tot
425 1447 548 1500 amnibus
559 1446 746 1518 montibusque
759 1454 817 1516 post
826 1455 930 1514 tergum
939 1443 1059 1512 ob'ectis,

149 1516 200 1568 iter
212 1514 238 1569 in
250 1517 363 1585 patriam
376 1524 403 1568 et
420 1526 532 1586 penates
550 1531 631 1569 manu
644 1533 703 1568 esse
716 1515 878 1568 faciendum.
915 1514 956 1567 Sic
969 1463 1060 1583 duces,

149 1585 188 1638 sic
200 1585 313 1654 proximi
325 1586 441 1639 militurn
455 1585 573 1638 instincti
586 1594 655 1638 sunt.
887 1602 902 1618 ’-

185 1659 225 1707 53.
245 1655 347 1708 Dareus
371 1655 396 1707 in
417 1655 493 1708 laevo
514 1672 594 1708 cornu
615 1664 678 1722 erat,
698 1668 796 1722 magno
817 1669 924 1706 suc-runi
944 1650 1060 1722 agmine,

149 1721 262 1777 delectis
286 1725 407 1794 equitum
434 1725 608 1794 peditumque
635 1725 785 1794 stipatus:⁴
811 1730 1061 1793 contempseratque

149 1794 311 1864 paucitatem
335 1793 426 1863 bostis,
449 1797 563 1847 vanain⁶
586 1793 674 1846 aciem
697 1810 765 1862 esse,
791 1792 906 1846 extentis
929 1791 1052 1844 cornibus

150 1873 229 1916 ratus.
266 1864 398 1931 Ceterum,
419 1861 487 1916 sicut
508 1878 584 1916 cuitu
604 1863 746 1930 eminebat,
766 1861 858 1914 dextra
879 1861 1008 1930 laevaque
1026 1829 1060 1912 ad

149 1933 347 1986 circumstantia
365 1933 473 2000 agmina
490 1933 580 1986 oculos
598 1948 745 2001 manusque
764 1931 962 1984 circumferens.
998 1929 1051 1980 Ter

150 2019 246 2070 rarum,
261 2002 352 2071 inquit,
366 2017 434 2070 quas
445 2003 568 2055 Oceanus
586 2001 648 2054 hinc
660 1999 742 2069 alluit,
757 2000 829 2052 illinc
842 1999 940 2054 claudit
959 1997 1061 2050 Helles·

149 2081 252 2140 pontus,
284 2071 344 2124 aulo
362 2082 424 2123 ante
438 2071 547 2140 domini,
560 2069 614 2140 jam
634 2087 684 2122 non
703 2069 737 2124 de
755 2069 844 2138 gloria,
857 2069 906 2121 sed
919 2069 952 2120 de
966 2067 1060 2138 salute,

149 2149 183 2209 et,
204 2157 254 2211 quo
298 2141 375 2194 saluti
398 2139 566 2210 praeponitis,
585 2141 707 2194 libertate
730 2139 902 2208 pugnandum
927 2148 975 2190 est.
1013 2137 1062 2190 Hic

149 2209 207 2263 dies
226 2209 374 2279 imperium,
394 2221 445 2280 quo
463 2209 565 2263 nnllam
582 2209 699 2280 amplius
716 2209 781 2262 vidit
801 2218 884 2278 aetas,
903 2217 948 2260 aut
966 2207 1061 2260 consti·

149 2277 226 2348 tuet,⁸
237 2289 283 2332 aut
295 2279 378 2334 finiet.
413 2281 492 2350 Apud
511 2281 655 2336 Granicum
674 2279 787 2340 minima
798 2281 892 2332 virium
911 2287 986 2348 parte
999 2294 1062 2330 cuin

149 2347 224 2402 hoste
245 2349 421 2403 certavimus:
444 2351 469 2402 in
488 2349 582 2402 Cilicia
599 2350 684 2402 victos
704 2348 780 2418 Syria
800 2358 901 2419 poterat
921 2348 1060 2416 excipere:

148 2436 247 2488 magna
259 2419 425 2473 munimenta
437 2421 510 2486 regni
523 2420 611 2488 Tigris
623 2429 702 2488 atque
715 2418 865 2488 Euphrates
874 2427 955 2470 erant.
992 2417 1061 2469 Veii·

149 2497 206 2542 tum
218 2497 259 2541 est
271 2505 311 2558 eo,
323 2489 397 2542 unde
414 2488 497 2558 pulsis
514 2506 550 2540 ne
567 2489 647 2556 fugae
663 2488 773 2558 quidem
791 2487 864 2540 locus
882 2497 931 2540 est.
966 2486 1062 2538 Omnia

149 2567 204 2611 tam
222 2557 324 2612 diutino
344 2557 415 2612 bello
436 2557 565 2610 exhausta
587 2567 644 2628 post
665 2566 770 2625 tergum
790 2566 867 2610 sunt:
892 2573 943 2608 non
962 2553 1062 2607 incolas

149 2643 210 2680 suos
222 2629 309 2698 urbes,
323 2645 375 2681 non
387 2626 502 2680 cultores
520 2627 620 2681 liabent
638 2635 733 2680 terrae.
770 2627 902 2694 Coniuges
915 2633 1061 2693 quoquest

149 2693 225 2749 liberi
248 2708 394 2768 sequuntur
414 2697 484 2750 hanc
505 2695 602 2766 aciem,
624 2705 716 2766 parata
739 2695 858 2750 hostibus
881 2693 988 2764 praeda,
1010 2693 1061 2745 nisi

179 2831 185 2853 ¹
198 2825 253 2873 The
265 2827 379 2875 Persian·
390 2827 445 2887 gine
457 2825 526 2880 these
537 2840 623 2874 names
633 2834 659 2872 tc
670 2833 735 2883 parts
747 2823 775 2872 oi
788 2823 849 2872 their
864 2838 947 2882 army;
966 2825 1007 2872 biit
1017 2822 1061 2871 the

149 2885 225 2931 tribes
241 2900 280 2932 are
297 2885 421 2933 unknown
438 2895 462 2934 to
479 2885 519 2932 the
532 2883 638 2941 Greeks,
651 2882 732 2933 which
746 2881 826 2932 would
843 2893 883 2930 not
901 2884 930 2930 be
947 2883 988 2930 the
1005 2899 1060 2930 case

150 2957 213 2988 were
230 2943 288 3003 they
302 2945 377 3004 really
391 2943 568 3004 distinguished
583 2943 619 2990 for
634 2943 725 2992 valcur.
759 2941 814 2990 The
831 2941 1004 2990 Macedoniam
1021 2957 1060 2990 arc

150 2999 240 3047 known
251 3002 398 3064 throughout
409 3003 451 3050 the
463 3002 553 3050 world:
575 3003 644 3050 these
656 3002 773 3062 thoughts
784 3016 848 3050 were
860 3001 916 3048 well
927 3001 1061 3050 calculated

149 3059 300 3166 qqppiscthe
311 3061 377 3122 pride
389 3063 435 3110 and
446 3078 548 3122 coniage
560 3060 587 3108 of
600 3062 640 3109 the
652 3061 753 3110 soldicrs
765 3061 847 3109 whom
857 3061 999 3110 Alexander
1010 3076 1061 3108 was

209 3134 273 3169 essin
293 3155 298 3166 .

178 3181 187 3206 ²
200 3135 307 3237 ‘Propgcr
317 3180 401 3234 arms,'
414 3179 473 3228 such
485 3195 512 3227 as
523 3178 641 3228 descrved
652 3179 694 3227 tlie
705 3195 784 3234 name.

178 3240 187 3265 ⁸
200 3236 253 3284 ‘He
264 3237 411 3298 employed.'
428 3241 531 3298 ‘spent’

178 3300 186 3324 ⁴
199 3295 315 3356 ‘Glosely
327 3297 491 3346 surrounded'

178 3355 235 3406 'He
252 3355 393 3404 considered
410 3357 514 3404 thelina
531 3357 559 3406 ol
570 3358 646 3406 battle
657 3373 685 3406 as
696 3357 757 3415 thin,
771 3356 851 3414 wenis,
864 3353 1059 3414 unsubstantial;

148 3432 235 3470 canus,
246 3415 358 3523 properly
370 3415 449 3462 where
461 3415 529 3463 there
541 3418 560 3464 is
572 3433 603 3464 no
614 3419 754 3486 substance.

176 3481 185 3506 ⁸
199 3475 291 3525 ‘Estab
303 3475 340 3524 isli
350 3490 356 3534 ;
366 3473 442 3536 ‘place
454 3490 486 3523 cii
496 3490 510 3523 a
520 3475 574 3524 lirin
585 3476 694 3538 footing)
