2410 3890
533 251 625 292 arsen
652 253 680 295 v.
1004 237 1060 292 115

151 373 198 410 rex
217 355 355 427 Praedam,
376 357 469 428 inquit,
490 376 534 412 me
553 361 653 480 accipe,
673 361 809 415 neminem
829 377 929 430 eorum,
949 360 996 430 qui
1020 377 1060 412 se-

151 436 273 496 quuntur,
287 436 465 480 recusaturum
484 428 521 480 ire
539 445 592 496 qua
628 445 700 480 uces.
736 431 841 483 Cratero
859 431 943 498 igitur,
956 429 989 481 ad
1003 445 1059 482 cus-

151 494 251 548 todiam
275 505 418 549 castrorum
441 497 530 548 relicto
554 514 615 550 curn
644 498 778 566 peditibus
805 500 863 568 quis
886 499 1059 566 assueverat,¹

152 573 179 617 et
197 565 230 616 iis
247 565 336 634 copiis,
350 582 416 633 quas
433 566 571 634 Meleager
589 567 712 636 ducebat,
726 577 752 620 et
771 569 911 636 sagittariis
928 568 1061 636 equitibus

152 634 191 702 M,
205 633 340 704 praecipit,
353 646 381 686 ut
399 645 544 687 castrorum
562 635 651 706 specie
669 643 801 704 manente,
816 636 904 706 plures
921 637 955 688 de
974 637 1060 689 indus·

152 702 202 756 tria
224 703 299 771 ignes
321 703 378 756 fieri
401 703 519 772 imperet,
539 721 590 774 quo
610 705 696 772 magis
714 705 817 758 barbari
838 706 954 773 credant,
974 707 1061 774 ipsum

97 785 102 804 ¹
153 788 243 838 regern
256 772 280 824 in
295 771 388 824 castris
400 789 467 825 esse.
504 773 637 842 Ceterum,
652 773 674 826 si
688 772 752 825 forte
766 774 956 826 Ariobarzanes
968 791 1061 844 cogno-

153 841 243 909 risset,
257 857 303 910 per
315 841 422 894 callium
434 841 568 894 anfractus
580 843 696 910 intrare,²
715 851 741 895 et
757 841 792 894 ad
810 841 992 912 occupandum
1013 843 1063 896 iter

154 927 231 962 suum
251 919 354 978 partem
373 911 507 979 copiarum
526 912 681 980 temptasset
701 928 841 981 opponere,
858 912 980 963 Craterus
999 929 1062 964 eum

153 979 224 1032 illato
244 986 342 1031 terrore
361 979 505 1048 retineret,⁸
523 981 556 1032 ad
576 983 682 1049 propius
702 980 849 1049 periculum
874 996 1061 1033 conversurum

153 1063 266 1115 agmen:
288 1048 435 1100 sinautem
456 1049 512 1116 ipse
531 1049 635 1102 hostem
654 1049 800 1118 fefellisset,
822 1059 848 1102 et
869 1049 966 1102 saltum
986 1065 1062 1101 occu-

153 1125 250 1184 passet,
271 1133 332 1169 curn
354 1118 538 1186 trepidantium
559 1118 728 1172 barbarorum
750 1119 891 1173 tumultum
910 1119 1062 1172 exaudisset

155 1185 380 1257 [persequentium
399 1187 508 1257 regem,]
528 1187 554 1239 id
572 1189 658 1256 ipsum
677 1189 732 1257 iter,
746 1205 797 1256 quo
816 1189 901 1258 pridie
920 1188 988 1258 pulsi
1006 1187 1062 1240 fue·

154 1265 218 1323 rant,
232 1273 265 1307 ns
284 1254 415 1308 dubitaret
433 1256 548 1324 ingredi:
567 1257 664 1326 quippe
683 1274 799 1312 vacuum
818 1257 880 1330 fore,
900 1257 1019 1311 hostibus
1037 1257 1061 1310 in

55 1359 59 1368 ·
154 1333 239 1376 semet
252 1326 359 1377 aversis.

192 1397 229 1444 15.
250 1393 310 1462 lpse
328 1394 403 1446 tertia
421 1393 512 1462 vigilia
531 1393 618 1447 silenti
635 1395 748 1464 agmine,
768 1412 800 1448 ac
818 1413 853 1448 ne
873 1395 935 1449 tuba
953 1397 1061 1466 quidem

154 1463 215 1514 dato
239 1462 319 1532 signo,
344 1463 429 1532 pergit
452 1463 485 1515 ad
511 1463 719 1516 demonstratum
745 1465 794 1517 iter
817 1464 935 1518 callium.
971 1465 1062 1518 Tridui

154 1531 282 1583 alimenta
305 1542 407 1601 portare
430 1533 542 1586 militem
566 1533 678 1602 jusserat
706 1533 799 1585 leviter
822 1544 963 1587 armatum.
1010 1535 1061 1587 Sed

154 1609 257 1668 praeter
281 1601 365 1653 invias
385 1619 463 1672 rupes
482 1619 514 1653 ac
536 1611 674 1671 praerupta
695 1619 766 1673 sarra,
788 1603 928 1671 vestigium
949 1603 1063 1656 subinde

155 1667 337 1738 fallentia,nix
350 1671 484 1740 cumulata
496 1679 575 1723 vento
594 1670 783 1739 ingredientes⁴
800 1671 944 1740 fatigabat:
964 1673 1010 1740 qui
1029 1689 1063 1741 pe

156 1739 266 1790 velutin
279 1739 369 1791 foveas
381 1740 462 1792 delati
480 1739 687 1808 hauriebantur,⁵
699 1750 724 1792 et
738 1758 799 1794 ourn
812 1759 828 1798 a
840 1690 1063 1794 commilitonibus

155 1807 338 1876 allevarentur,
361 1809 498 1862 trahebant
521 1809 606 1878 magis
629 1809 793 1880 adjuvantes,
814 1827 894 1879 quarn
917 1810 1063 1879 sequeban-

156 1877 215 1928 ιιιι.8
249 1877 309 1930 Nox
327 1895 439 1947 quoque,
453 1887 479 1930 et
499 1879 588 1946 ignota
606 1879 685 1947 regio,
698 1895 730 1930 ec
747 1879 801 1930 dux
813 1879 939 1930 incertum
953 1897 986 1930 an
1000 1881 1064 1931 satis

155 1945 242 2012 fidus,⁷
261 1945 468 2014 multiplicabant
488 1955 605 1999 metum:
630 1948 651 1999 si
675 1946 797 1998 custodes
820 1945 966 2014 fefellisset,
988 1947 1062 2014 quasi

156 2013 226 2068 feras
243 2014 341 2068 bestias
358 2015 429 2082 ipsos
446 2032 524 2084 posse
542 2015 714 2084 deprehendi.
752 2016 793 2067 Ex
810 2015 888 2067 unius
905 2014 999 2084 captivi
1019 2015 1063 2068 vel

156 2083 207 2136 fide
221 2084 262 2137 vel
275 2085 375 2138 animas
392 2084 509 2152 pendere
527 2094 552 2137 et
572 2085 640 2154 regis
658 2083 771 2137 salutem
783 2092 810 2136 et
822 2101 906 2138 suam.
942 2084 1078 2138 Tandem

155 2169 251 2205 venere
275 2154 301 2205 in
325 2152 426 2222 jugum.
463 2156 487 2208 A
511 2153 603 2208 dextra
627 2155 676 2206 iter
698 2155 732 2206 ad
756 2154 844 2224 ipsum
868 2153 1061 2208 Ariobarzanen

120 2277 121 2280 ,
152 2231 225 2274 erat:
244 2221 288 2275 hic
306 2223 436 2276 Philotam
448 2232 475 2275 et
487 2224 590 2276 Coenon
610 2241 671 2276 curn
684 2227 802 2293 Amynta
820 2233 846 2276 et
864 2223 1062 2294 Polyperconte,

156 2291 308 2360 expeditum
340 2291 468 2345 hahentes
497 2311 615 2362 manum,
640 2293 770 2363 relinquit,
795 2295 915 2362 monitos,
944 2302 974 2347 ut
1002 2293 1063 2362 quia

156 2377 239 2429 eques
256 2359 339 2430 pediti
358 2371 413 2414 erat
431 2362 537 2431 mixtus,
551 2377 603 2430 qua
620 2363 826 2431 pinguissimum
844 2372 914 2415 esset
933 2362 1016 2416 solum
1037 2371 1063 2414 et

156 2429 246 2498 pabuli
267 2429 360 2500 fertile,
382 2431 479 2483 sensim
501 2431 687 2499 procederent:
713 2433 796 2486 duces
816 2441 890 2484 erant
911 2432 1010 2484 itineris
1029 2431 1062 2483 de

156 2499 268 2568 captivis
285 2499 348 2551 dati.
384 2499 443 2568 lpse
462 2517 523 2552 curn
541 2501 690 2568 armigeris
701 2510 727 2553 et
747 2502 796 2571 ala,
810 2517 890 2570 quam
903 2504 1006 2568 Agema
1017 2517 1063 2569 ap-

184 2652 191 2676 ¹
205 2652 211 2672 ‘
222 2646 312 2696 Whom
323 2647 353 2694 he
365 2661 415 2694 was
426 2646 579 2700 accustomed
590 2657 615 2694 to
626 2647 752 2696 command
761 2649 777 2705 3’
790 2664 824 2705 or,
836 2664 862 2709 ns
871 2663 909 2695 we
920 2663 971 2708 say,
988 2655 993 2674 ‘
1005 2649 1062 2698 with

156 2705 193 2754 his
204 2721 259 2752 own
269 2706 403 2766 regimem)

184 2770 194 2794 ²
205 2764 296 2824 Supply
306 2782 339 2820 se,
353 2765 394 2812 the
405 2763 514 2824 speaker.

185 2828 193 2852 ²
206 2829 211 2849 ¹
219 2821 290 2870 Then
300 2823 414 2871 Craterus
423 2839 473 2870 was
481 2833 505 2870 to
513 2822 574 2882 keep
583 2823 633 2871 him
639 2823 701 2870 back
708 2825 741 2882 by
749 2839 763 2870 a
770 2824 883 2883 vigorous
892 2823 990 2880 assault‚
999 2840 1063 2884 upon

156 2880 235 2928 which
247 2882 277 2930 he
285 2881 364 2929 would
373 2883 554 2942 naturallyturn
567 2883 604 2930 his
614 2883 696 2930 march
703 2883 807 2930 towards
815 2881 855 2930 the
864 2897 947 2932 neuter
954 2883 1060 2944 danger!

185 2939 276 2988 “The
287 2955 343 2988 men
354 2941 493 3000 marching.¹
552 2947 554 2951 '

185 3006 193 3030 ⁵
205 3003 211 3024 ⁶
222 2998 295 3058 They
306 2998 388 3046 sank:'
403 2999 489 3047 literall
508 3035 513 3055 ,
528 3004 606 3047 ‘were
617 2999 696 3047 drunk
707 2998 755 3058 up.’

183 3062 192 3086 ⁸
206 3063 212 3083 ‘
221 3056 292 3116 They
301 3072 366 3104 more
378 3015 513 3118 frequently
521 3057 586 3105 drew
594 3058 665 3105 down
672 3057 741 3105 those
749 3057 805 3104 who
813 3071 876 3106 were
885 3060 1063 3122 endeavouring

118 3149 123 3162 .
156 3123 181 3163 to
192 3116 264 3164 assist
276 3114 350 3170 thern,
364 3115 421 3162 than
433 3116 544 3165 followed
554 3116 621 3164 thern
634 3116 734 3171 (thetis,
747 3131 801 3164 rose
812 3119 845 3176 by
857 3118 918 3166 their
929 3119 1010 3178 help).'

184 3173 275 3221 '‘The
287 3174 388 3232 perhaps
404 3175 685 3237 not-over·trustworthy
695 3175 791 3235 guider’
805 3174 917 3238 literally‚
933 3179 965 3225 ‘it
982 3179 1002 3226 is
1018 3193 1061 3226 un·

156 3233 246 3282 certain
257 3231 367 3279 whether
378 3231 407 3278 he
419 3250 469 3282 was
480 3249 538 3294 very
549 3234 724 3294 trustworthy!
757 3233 812 3282 The
823 3236 938 3284 omission
949 3237 976 3284 of
989 3245 1022 3284 est
1038 3236 1062 3284 in

155 3293 204 3342 this
215 3306 271 3338 case
282 3290 302 3337 is
314 3305 433 3358 commop,
465 3293 583 3352 Compare
595 3294 626 3341 iv.
638 3297 674 3342 56.

184 3355 192 3380 ⁸
206 3348 334 3404 ‘Breath3'
347 3347 399 3395 that
411 3365 439 3405 rs,
456 3351 526 3399 ‘life'

183 3415 192 3438 '
203 3409 241 3468 By
249 3409 361 3469 armigeri
371 3407 391 3454 is
404 3420 482 3455 meant
492 3411 532 3457 the
542 3427 610 3469 corps
619 3411 647 3458 of
654 3411 694 3458 the
705 3409 744 3470 Hy
762 3412 850 3470 aspista
859 3409 1062 3470 orArgyraspids.

156 3469 212 3525 (See
224 3469 255 3516 iv.
267 3471 312 3521 50).
344 3465 399 3513 'l'he
410 3483 490 3526 ugano
502 3483 551 3516 was
563 3470 603 3517 the
615 3470 723 3529 king⁷sb
757 3470 861 3530 y-guard
871 3470 900 3517 cf
906 3469 1010 3528 cavalry.
