2438 3886
164 207 202 264 bd
429 223 470 264 ns
493 223 597 266 essars
617 223 802 266 uersuram.

163 330 249 386 solum
261 331 362 402 regite,
375 331 423 386 sed
435 332 517 398 etiarn
531 341 574 388 tuo
586 332 709 388 scribere.
746 331 789 386 Ad
802 332 871 387 hanc
882 332 1071 404 perferendam

162 400 326 471 Thersippus
337 409 378 454 est
389 402 495 456 missus.

185 474 221 522 ,3.
240 471 301 540 Ipse
314 469 341 524 in
353 470 502 526 Phoenicen
520 471 666 542 descendit,
679 479 705 524 et
723 471 852 542 oppidum
869 470 972 542 Byblon
990 471 1069 525 tradi·

163 547 220 592 turn
241 540 346 610 recepit.
382 539 498 594 Indead
517 541 612 594 Sidona
630 551 741 594 ventum
760 549 808 611 est,
825 540 918 594 urbem
938 550 1070 594 vetustate

162 607 287 678 famaque
318 609 481 664 conditorum
512 611 639 664 inclitam.
682 610 820 678 Regnabat
839 611 874 662 in
907 627 940 663 ea
967 611 1070 678 Strato,¹

163 677 241 730 Darei
252 677 345 748 opibus
356 679 469 750 adjutus,
483 681 530 734 sed
543 681 606 749 quia
622 678 786 734 deditionem
799 680 883 748 magis
895 681 1068 750 popularium,

160 761 241 816 qnam
265 764 313 801 sua
335 758 428 819 sponte
451 747 559 818 iecerat,
583 765 663 816 regno
686 749 760 802 visus
782 749 912 818 indignus,
934 749 1069 818 Hephaes-¹

161 815 277 886 tionique
300 820 468 888 permissum,
489 828 526 888 ut,
548 835 628 887 quem
653 835 684 870 eo
705 817 821 886 fastigi0²
841 837 856 870 e
877 819 990 873 Sidoniis
1013 819 1069 885 dig-

161 885 301 940 nissimum
317 887 672 942 arbitrareturconstitueret
691 905 790 955 regern.
827 889 908 942 Erant
932 887 1068 957 Hephaes-

161 955 238 1009 tionis
256 955 373 1026 hospites
390 957 455 1009 clari
473 958 539 1010 inter
557 973 618 1010 suos
640 956 765 1026 juvenes:
790 959 835 1027 qui
854 958 924 1010 lacta
942 959 1007 1026 ipsis
1025 975 1068 1026 po·

161 1033 255 1078 testate
276 1026 409 1096 regnandi,
429 1035 599 1096 negaverunt,
615 1043 779 1096 quemquam
799 1028 887 1097 patrio
903 1043 975 1080 more
996 1027 1068 1080 inid

160 1093 298 1164 fastigium
322 1095 410 1165 recipi,
434 1095 486 1148 nisi
509 1095 581 1165 regia
605 1095 686 1165 stirpe
709 1106 804 1150 ortum.
839 1097 993 1150 Admiratus
1017 1097 1068 1148 He·

160 1163 299 1243 phpestion
323 1165 533 1234 magnitudinem
560 1165 642 1218 anirni
670 1167 825 1234 spernentis,
850 1167 918 1236 quod
947 1166 992 1218 alii
1021 1183 1068 1234 per

160 1249 237 1301 ignes
247 1226 399 1304 ferrumque
418 1243 544 1304 peterent,
557 1234 611 1287 Vos
628 1234 738 1304 quidem
756 1235 836 1288 macti
856 1235 960 1305 virtute,
974 1235 1066 1308 inquit,

160 1310 252 1382 estote,
272 1303 319 1372 qui
342 1303 420 1373 primi
436 1303 614 1372 intellexistis,
635 1314 734 1373 quanto
755 1304 842 1373 majus
860 1315 931 1356 esset
957 1323 1067 1372 regnum

160 1369 285 1440 fastidire,
309 1388 390 1441 quam
413 1375 543 1443 accipere.
591 1375 714 1428 Ceterum
743 1373 805 1426 date
834 1373 950 1443 aliquem
978 1375 1066 1442 regiae

106 1440 107 1444 ’
160 1439 254 1510 stirpiS,
286 1441 313 1493 ui
325 1443 606 1512 meminerit,⁸arcbis
622 1453 763 1514 acceptum
782 1443 880 1496 habere
899 1461 928 1496 se
947 1462 1065 1512 regnum.

159 1513 247 1580 Atque
268 1458 317 1579 illi,
341 1529 403 1564 curn
427 1513 524 1566 multos
547 1513 687 1566 imminere
716 1521 805 1565 tantae
834 1513 892 1582 spei
919 1524 1065 1582 cernerent,

159 1579 269 1647 singulis
288 1582 433 1649 amicornm
453 1581 595 1635 Alexandri
617 1581 651 1634 ob
671 1581 781 1636 nimiam
801 1583 874 1650 regni
893 1583 1066 1652 cupiditatem

158 1648 304 1718 adulantes,
325 1660 449 1720 statuunt,
471 1651 606 1704 neminem
630 1667 689 1719 esse
712 1649 850 1720 potiorem⁴
873 1669 954 1722 quarn
977 1653 1066 1706 Abda·

159 1717 296 1788 lonymum
316 1719 458 1790 quendam,
478 1721 556 1800 longa
576 1720 684 1788 quidem
705 1720 860 1842 cognatione
881 1722 954 1800 stirpi
977 1725 1065 1790 regiae

158 1804 299 1858 annexum,
313 1788 360 1853 sed
373 1788 406 1843 ob
418 1789 533 1859 inoptam
546 1788 725 1844 suburbanum
762 1798 846 1844 ortum
866 1807 962 1859 exigua
980 1791 1066 1846 colen·
1097 1793 1098 1797 ’

158 1864 219 1910 tem*
234 1857 322 1928 stipe.⁵
357 1859 445 1912 Causa
464 1859 489 1912 ei
509 1860 677 1982 paupertatis,
699 1861 767 1912 sicut
790 1859 931 1930 plerisque,
950 1861 1066 1931 probitas

158 1936 230 1998 erat,
257 1927 426 1999 intentusque
455 1931 527 1999 operi
574 1929 653 1998 iurno,
681 1930 820 1998 strepitum
847 1946 989 2000 armorum,
1019 1931 1064 2000 qui

157 2004 239 2052 totam
251 2000 344 2054 Asiam
356 2009 531 2068 concusserat,
544 2015 595 2052 non
608 1997 778 2052 exaudiebat.

191 2072 216 2120 4.
234 2067 324 2121 Subito
345 2067 441 2121 deinde
457 2067 491 2119 de
508 2069 604 2137 quibus
619 2077 680 2121 ante
698 2067 801 2124 dictum
819 2067 879 2138 est,⁶
896 2085 958 2122 oum
978 2071 1064 2136 regiae

156 2136 238 2188 vestis
250 2137 405 2204 insignibus⁷
417 2137 521 2190 hortum
540 2138 642 2208 intrant,
654 2155 737 2207 quern
754 2137 820 2190 torre
838 2138 942 2192 steriles
959 2138 1066 2194 herbas⁸

157 2204 260 2272 eligens
281 2205 485 2274 Abdalonymus
508 2207 674 2275 repurgabat.
710 2207 780 2260 Tum
803 2225 865 2276 rege
888 2224 920 2260 eo
944 2209 1063 2278 salutato,

156 2274 222 2326 alter
241 2290 275 2326 ex
295 2274 360 2346 hist
375 2275 496 2345 Habitus,
518 2275 610 2345 inquit,
635 2276 677 2329 hic
702 2277 803 2346 vestis,⁹
822 2294 904 2346 quem
928 2279 1016 2333 cernis
1038 2278 1065 2332 in

155 2343 226 2396 meis
253 2343 384 2412 manibus,
409 2361 469 2397 curn
499 2345 549 2397 isto
578 2345 697 2416 squalore
726 2347 917 2416 permutandus
944 2347 991 2400 tibi
1015 2355 1064 2402 est.

156 2411 244 2465 Ablue
262 2428 357 2482 corpus
375 2413 467 2466 illuvie
485 2415 651 2484 aeternisque
670 2415 789 2470 sordibus
806 2415 974 2486 squalidum:
999 2434 1065 2486 cape

156 2482 226 2549 regis
247 2482 375 2552 animum,
395 2491 422 2536 et
447 2484 473 2536 in
497 2501 558 2538 eam
578 2483 717 2554 fortunam,
737 2503 791 2554 qna
810 2486 906 2554 dignus
926 2503 963 2552 es,
986 2487 1065 2542 istam

174 2587 191 2629 ,ν’
204 2581 353 2644 Certainlya
368 2583 479 2632 different
495 2599 582 2644 person
596 2584 657 2634 srorn
673 2585 714 2633 the
731 2586 812 2634 Strato
827 2587 966 2636 mentioned
983 2589 1007 2636 in
1023 2591 1064 2637 the

155 2640 206 2690 first
218 2641 323 2702 chapter.
356 2643 410 2690 The
421 2659 491 2692 neme
503 2644 523 2692 is
535 2659 548 2695 a
558 2659 671 2710 common
681 2661 735 2693 one.

183 2705 193 2730 ¹
205 2701 324 2762 ‘Highest
335 2702 439 2762 position
449 2719 475 2751 or
485 2703 595 2764 dignrty.’

180 2763 192 2788 '³
204 2764 210 2786 ‘
222 2759 321 2830 Onebol
331 2762 392 2810 such
407 2778 422 2810 a
437 2762 560 2811 character
575 2778 601 2813 as
617 2772 642 2810 to
658 2765 812 2819 remember,'
830 2764 854 2813 in
870 2763 941 2814 order
951 2765 1004 2814 that
1016 2782 1064 2827 you

155 2821 525 2986 {alligituttlt‘ttrt
536 2821 702 2940 ttssltrtt,
714 2833 862 2931 triturat
885 2881 970 2932 aaa
984 2895 1067 2936 aare

183 2951 197 2986 e
239 2951 317 2986 sitve.

184 3003 193 3028 ¹
203 2952 266 3063 ‘iiior
275 3013 290 3045 a
300 2998 370 3046 small
379 2989 490 3056 renardi
499 3013 526 3046 or
536 2999 608 3046 ‘with
618 3001 661 3048 but
670 2999 731 3048 little
738 2999 825 3060 prolit.’
852 2999 907 3050 The
916 3002 1063 3052 nominative

157 3056 247 3124 stipsis
257 3065 299 3104 not
310 3057 335 3104 in
344 3074 397 3114 use,
410 3059 453 3106 but
464 3058 567 3117 perhaps
576 3057 607 3126 all
619 3058 659 3107 the
670 3058 740 3107 other
750 3075 827 3128 cases.
858 3059 895 3108 Its
907 3063 1019 3124 meaning
1030 3063 1059 3120 is,

158 3120 186 3163 ‘a
196 3129 263 3174 prece
272 3115 302 3163 cf
308 3117 414 3176 money‚'
426 3131 453 3164 or
466 3122 472 3143 ‘
482 3118 578 3177 money’
588 3132 612 3164 rn
622 3117 664 3165 the
675 3133 741 3167 more
751 3117 843 3167 hmrted
851 3135 931 3168 sense,
955 3119 1062 3170 Pecunia

154 3175 198 3224 has
209 3189 223 3222 a
233 3174 308 3224 wider
318 3175 477 3235 signification
488 3175 546 3223 than
556 3178 623 3238 stips.

110 3252 113 3258 v
181 3239 190 3264 ⁶
201 3232 295 3302 Supplp⁷
305 3235 360 3282 iias
371 3233 514 3282 antecedent
524 3245 550 3283 to
560 3237 651 3294 quibas,
663 3237 708 3284 and
720 3251 746 3284 as
757 3235 799 3284 the
809 3237 904 3298 subject
915 3245 940 3286 to
951 3240 1052 3288 intrant.

182 3297 191 3320 ³
202 3291 264 3340 'llus
274 3307 295 3340 rs
307 3293 398 3354 merely
409 3307 423 3340 a
433 3293 577 3353 periphrasis
587 3293 624 3342 ior
633 3311 684 3342 orm
695 3297 761 3357 regia
771 3305 840 3344 veste.

168 3350 273 3409 ''This‚
283 3367 313 3400 er
322 3355 405 3400 nmine
414 3354 501 3409 terrae,
514 3353 535 3400 is
546 3351 587 3400 tlre
598 3354 739 3412 expression
749 3354 785 3403 for
798 3356 911 3406 ‘weeds’

152 3440 153 3444 =
181 3415 191 3440 ·
201 3409 256 3460 The
265 3411 427 3460 combination
437 3413 528 3460 holdas
539 3413 611 3460 natu
622 3412 642 3460 is
653 3413 713 3462 used
724 3422 750 3462 to
760 3429 860 3474 express
870 3432 885 3464 a
894 3415 960 3466 fixed
974 3415 1060 3465 formal

153 3467 213 3522 kind
221 3470 250 3522 os
258 3470 338 3529 dress,
349 3485 377 3522 as
388 3471 495 3520 herethe
506 3469 573 3532 royal
583 3472 662 3522 robes.
693 3471 741 3522 See
752 3472 785 3522 iii.
796 3477 820 3530 6,
832 3477 854 3525 3.
