2314 3886
390 259 395 268 ·
471 247 564 290 aaran
583 249 647 290 rnr.
953 235 1014 291 m

108 366 223 440 caperet.
259 357 370 428 Quoque
393 357 482 410 minus
507 357 598 410 caedis
620 357 740 428 puderet,
762 357 822 427 jure
843 357 1012 414 interiectum

107 429 205 482 Clitum
223 429 387 482 Macedones
404 427 557 496 decernunt,
571 426 707 497 sepultura
723 443 828 496 quoque
846 427 1011 499 prohibituri,

107 498 134 551 ni
146 515 192 552 rex
205 498 308 551 humari
320 495 450 567 jussisset.

141 571 166 619 7.
185 568 267 636 Igitur
289 565 382 620 decem
404 565 499 618 diebus
516 565 635 618 maxime
651 564 686 617 ad
704 565 914 624 confirmandum
930 566 1012 636 pudo·

107 651 163 688 rem
193 637 265 705 apud
294 635 457 688 Maracanda
486 634 656 704 consumptis,
686 651 747 688 cum
777 645 851 715 parte
879 639 1012 690 exereitus

105 705 147 757 ile
166 705 332 758 haestionem
350 705 376 756 in
400 703 535 772 regionem
558 703 725 756 Bactrianam
747 705 835 773 rotait,¹
845 714 1012 760 commeatus

105 773 133 826 in
145 722 262 826 hiemem
275 781 435 843 paraturum.
470 773 555 831 Quam
573 773 639 825 Clito
657 782 748 826 autem
764 773 942 827 destinaverat
955 791 1011 844 pro·

105 843 228 912 vinciam,
242 847 375 912 Amyntae
392 841 481 894 dedit:
501 841 559 911 ipae
575 844 706 914 Xenippa¹
723 843 851 912 pervenit.
887 843 1011 912 Scythiae

105 911 215 964 confinia
227 920 267 964 est
280 913 358 980 regio,
373 911 558 980 habitaturque
569 911 689 982 pluribus
700 929 732 965 ac
745 911 928 982 frequentibus
937 913 1009 983 vicia,

105 982 168 1050 quia
188 981 293 1034 ubertas
313 989 396 1033 tarrae
417 997 466 1032 non
487 980 626 1049 indigenas
644 982 723 1034 modo
741 981 849 1050 detinet,
863 981 910 1034 sed
927 981 1011 1036 etiarn

104 1051 223 1103 advenas
247 1051 345 1102 invitat.
381 1050 577 1103 Bactrianorum
601 1050 719 1119 exulum,
738 1051 783 1122 qui
806 1050 841 1104 ab
861 1051 1012 1104 Alexandro

104 1117 264 1189 deiecerant,
284 1119 481 1188 receptaculum
499 1118 593 1172 fuerat.
629 1119 680 1173 Sed
699 1131 838 1190 postquam
857 1136 948 1188 regern
965 1121 1011 1174 ad·

14 1211 15 1240 r
104 1197 212 1241 ventare
224 1197 387 1258 compertum
400 1197 448 1257 est,
463 1187 531 1257 pulsi
549 1189 584 1242 ab
602 1187 695 1242 incolis
706 1190 730 1242 ll
743 1189 819 1242 milia
830 1189 886 1242 lere
898 1197 925 1243 et
936 1191 1011 1258 qoin-

14 1261 15 1310 i
103 1257 177 1379 penti
202 1269 401 1326 congregantur.
443 1259 543 1310 Omnes
567 1257 672 1338 equites
697 1266 779 1328 erant,
798 1259 881 1311 etiam
899 1259 924 1312 in
943 1275 1011 1328 pace

14 1351 15 1366 2
113 1327 247 1380 atrociniis
263 1329 379 1379 assueti:
404 1335 461 1380 tum
485 1326 584 1380 semeia
604 1327 711 1395 ingenia
728 1343 778 1380 non
798 1326 899 1381 bellom
922 1327 1009 1398 modo,

103 1396 150 1449 sed
170 1397 250 1450 etiam
263 1396 357 1450 reniae
375 1395 535 1466 desperatio¹
552 1395 718 1448 efferaverat.
753 1397 847 1466 ltaque
863 1413 896 1450 ex
914 1398 1010 1466 impro-

13 1489 14 1518 t
103 1465 159 1517 viso
188 1466 270 1518 adorti
300 1465 454 1535 Amyntam
476 1473 623 1534 praetorem
653 1465 805 1535 Alexandri,
835 1466 881 1518 diu
911 1481 1011 1536 auceps

13 1557 14 1588 ι
102 1534 231 1604 proelium
244 1535 375 1588 fecerant:
394 1533 428 1587 ad
440 1534 564 1588 ultimum
578 1535 644 1588 DCC
655 1551 760 1588 suorum
773 1535 885 1604 amissis,
898 1551 1010 1604 quorum

12 1645 14 1660 r
101 1603 166 1656 CCC
183 1603 265 1656 hostis
283 1620 313 1656 ce
333 1604 359 1673 it,
374 1603 473 1656 dedere
491 1612 564 1674 terga
581 1603 731 1672 victoribus,
750 1603 822 1657 haud
843 1621 907 1656 sane
925 1604 1000 1656 inulti

12 1751 128 1793 tel

12 1697 13 1724 t
100 1671 199 1794 quippe
212 1673 304 1726 LXXX
348 1672 496 1726 acedouum
509 1672 704 1740 interfecerunt,
718 1681 875 1743 praeterque
887 1689 934 1724 eos
945 1643 1009 1726 CCS

185 1743 267 1794 saucii
285 1741 350 1794 lacti
370 1749 437 1794 sunt.
476 1742 590 1794 Veniam
609 1749 701 1822 tamen
720 1742 801 1794 etiam
821 1750 879 1812 post
898 1741 1010 1796 alteram

12 1837 13 1866 r
100 1805 278 1863 defectionem
291 1810 508 1878 impetraverunt.

135 1883 160 1930 8.
179 1879 228 1931 His
245 1880 272 1931 in
290 1878 372 1931 fidem
389 1879 515 1948 acceptis,
529 1879 556 1932 in
574 1879 716 1948 regionem,
729 1895 810 1948 quarn
828 1881 950 1933 Nautaca
964 1895 1010 1950 ap-

11 1975 12 2006 3
100 1947 221 2016 pellant,⁸
239 1963 285 2000 rex
304 1963 366 1999 cum
386 1955 440 1999 toto
460 1948 677 2000 exercitaverit.
720 1948 843 2018 Satrapes
863 1958 919 2000 erat
939 1947 1009 2018 Sysi-

99 2013 218 2083 mithres,
232 2013 336 2069 duobus
347 2031 382 2068 ex
393 2029 442 2068 sua
453 2025 538 2069 matre
549 2016 613 2068 filiis
630 2015 741 2085 genitis3
759 2019 857 2138 quippe
873 2016 945 2086 apud
962 2033 1010 2070 eoa

11 2115 12 2146 2
136 2084 254 2163 rentibus
266 2093 354 2154 stupro
366 2083 438 2164 spire·
447 2101 510 2137 cum
523 2084 614 2165 liberis
624 2085 666 2166 las
677 2094 726 2166 eet.
775 2101 788 2138 s
800 2085 910 2166 armatis
927 2101 1009 2166 popo·

11 2185 12 2192 1
109 2153 205 2224 aribus,
226 2153 320 2206 lauces
339 2169 461 2224 rsgronrs,
483 2169 536 2224 qua
560 2171 586 2207 ro
610 2163 772 2208 artissimum
792 2163 901 2224 cogitur,
921 2155 1008 2208 valido

11 2255 12 2284 2
98 2222 263 2276 munimento
275 2224 430 2292 saepserat.⁴
462 2222 671 2278 Praeterfluebat
689 2233 788 2276 torrens
804 2224 906 2292 amnis3
923 2225 1010 2292 terga⁶

98 2299 173 2360 petra
185 2291 341 2345 claudebat:
361 2291 430 2344 hanc
441 2309 523 2348 manu
539 2294 660 2376 perviam
678 2292 919 2346 incolaelscerant.
954 2292 1007 2347 Sed

98 2359 186 2414 aditus
203 2377 299 2431 specus
315 2361 411 2432 accipit
429 2360 524 2432 lucem,
538 2363 666 2432 interiora,
680 2361 730 2414 niai
749 2359 822 2414 illato
839 2361 948 2431 lumine,
961 2361 1008 2416 ob·

98 2445 174 2482 scura
197 2437 265 2483 suut.
301 2431 449 2500 Perpetuus
471 2432 608 2485 cuniculus
634 2433 684 2484 iter
705 2431 816 2501 praebet
839 2431 864 2484 in
889 2445 1005 2501 campus,

97 2498 215 2568 ignotum
234 2499 285 2553 nisi
302 2499 441 2568 indigenis.
477 2503 513 2554 At
525 2501 683 2570 Alexander,
696 2516 860 2569 quamquam
871 2500 1008 2568 angustiae

96 2567 278 2622 naturalisitn
298 2569 414 2622 munitas
425 2568 514 2621 valida
531 2585 612 2622 manu
630 2569 734 2623 barbari
753 2569 901 2637 tuebantur,
910 2577 1006 2622 tamen

95 2637 223 2690 arietibus
245 2637 359 2691 admotis
382 2638 555 2708 munimenta,
575 2655 644 2707 quae
667 2653 748 2691 rnarru
772 2637 898 2707 adjuncta
921 2644 1003 2706 erant,

125 2769 263 2831 'Probably
273 2771 379 2820 situated
388 2779 414 2819 to
425 2770 466 2818 the
477 2781 529 2820 east
540 2771 568 2819 ot
580 2770 733 2819 Maracanda.

124 2833 134 2859 ²
144 2829 259 2890 ‘Despair
269 2830 296 2878 of
307 2830 432 2891 obtaining
442 2830 548 2890 pardon’
580 2831 618 2880 Aa
629 2832 723 2892 demere
732 2831 824 2880 mium
833 2844 878 2878 can
893 2829 923 2878 be
939 2829 1001 2888 aaitl,

95 2901 122 2934 aa
133 2888 189 2936 well
200 2905 226 2936 as
236 2893 265 2937 de
274 2892 351 2945 omia,
365 2889 406 2937 the
416 2890 567 2938 substantive
578 2903 723 2950 congeram
739 2887 780 2936 the
795 2887 910 2950 genitive,
922 2891 1002 2952 despe-

96 2947 158 2994 ratio
168 2949 238 3004 ot'toe,
250 2951 345 3003 salatia.
358 2950 480 2998 ladmutia.

124 3003 225 3052 'These
244 3005 361 3054 localitiea
380 3006 432 3055 also
450 3021 489 3054 are
506 3005 638 3063 unknown,
654 3007 697 3054 but
712 3019 776 3053 were
791 3006 908 3068 probably
919 3007 943 3054 in
959 3005 1000 3056 the

95 3063 440 3172 {yffirffl‘iltgliffiffios
452 3065 580 3126 Sogdiana,
593 3065 698 3113 towards
714 3064 755 3113 the
769 3079 846 3125 appar
855 3077 906 3126 part
918 3065 947 3114 of
957 3065 1000 3115 the

379 3140 385 3170 l
416 3160 421 3170 .

121 3180 197 3228 “lle
216 3180 263 3229 had
281 3182 338 3230 ahot
356 3197 389 3241 op
408 3181 535 3242 (properly,
555 3182 651 3244 hedged
667 3187 709 3242 up)
727 3181 769 3232 the
787 3192 899 3232 entrance
914 3183 943 3232 os
956 3183 999 3233 the

93 3249 203 3300 country,
217 3239 327 3310 rahereit
338 3251 458 3325 qontracta
474 3241 543 3290 itaelf
554 3242 604 3290 into
615 3241 655 3290 the
666 3251 798 3290 narroweat
808 3257 928 3301 compara,
940 3243 974 3302 by
983 3257 1001 3292 a

93 3297 401 3416 stmqqefoqqprqqtriqnqwd
415 3359 519 3408 because
535 3359 576 3408 the
587 3359 713 3410 defendere
723 3375 787 3430 were
798 3374 864 3408 more
874 3358 933 3406 thura
942 3371 996 3406 one.

91 3414 121 3464 Io
136 3415 178 3464 the
189 3431 256 3464 same
267 3431 366 3464 manner
376 3431 414 3466 we
424 3431 468 3478 say
478 3417 506 3467 ol
517 3421 644 3469 anumber
653 3419 683 3468 oi
692 3419 802 3478 aoldrara,
814 3427 881 3481 targa
890 3424 995 3474 mant·

93 3473 167 3536 ‘they
177 3484 233 3523 turn
242 3475 305 3526 their
315 3474 409 3524 becka’

196 3538 226 3588 lb
