2410 3890
537 299 630 339 orosa
650 301 678 339 v.
1006 287 1063 374 ll'l

152 405 226 460 urbis
249 405 381 476 exclusus,
402 407 551 460 consecutis
575 417 680 460 strenue
704 407 831 476 hostibus,
853 427 914 461 curn
939 411 1062 464 omnibus

153 475 232 544 fugae
252 477 394 530 comitibus
413 486 536 530 renovato
556 477 654 546 proelio
671 477 776 529 cecidit.
813 479 935 531 Craterus
948 497 1060 550 quoque,

153 545 245 613 raptim
259 547 366 613 agmine
378 554 445 615 acto,
459 546 616 615 supervenit.

191 619 229 665 tt.
248 615 305 668 Rex
324 615 419 668 eodem
443 614 507 683 loco,
527 630 578 684 quo
603 615 717 668 hostium
738 631 768 666 co
789 616 828 668 ias
845 615 956 684 fuderat,
976 625 1063 670 castra

152 684 307 736 communit.
343 683 510 753 Quamquam
535 684 605 736 enirn
631 682 748 753 undique
769 633 850 752 fugati
875 685 964 738 hostes
982 689 1061 738 victo·

154 752 219 803 riam
244 761 437 820 concesserant,
460 763 548 804 tamen
572 752 706 822 praealtae
730 755 940 823 praecipitesque
964 755 1060 825 fossae,

154 814 274 890 pluribus
294 822 357 874 locis
376 821 504 892 objectae,
519 821 678 891 abruperant
698 823 754 892 iter,
769 823 921 890 sensimque
940 832 966 874 et
984 835 1061 876 caute

153 890 375 958 progrediundum
394 899 458 960 erat,
476 891 531 960 jam
553 909 603 942 non
625 891 747 960 hostiurn,
768 889 815 944 sed
834 891 949 945 locorum
968 891 1060 944 fraude

153 967 284 1028 suspecta.
320 959 474 1012 Procedenti
493 961 517 1012 ei
538 960 639 1012 litterae
661 959 804 1013 redduntur
822 977 838 1012 a
856 959 982 1026 Tiridate,
1002 979 1059 1013 cns·

154 1029 214 1080 todc
238 1029 368 1097 pecuniae
393 1030 486 1098 regiae,
508 1031 662 1098 indicantes,
681 1046 734 1099 eos,
754 1030 799 1098 qui
823 1030 849 1081 in
874 1028 938 1081 urbe
962 1039 1058 1100 essent,

153 1095 243 1150 audito
262 1097 321 1167 ejus
334 1097 459 1167 adventu,
473 1099 587 1219 diripere
599 1099 668 1151 velle
687 1099 824 1151 thesauros
835 1099 985 1150 dimissos:l
1004 1115 1059 1170 pro·

153 1176 255 1236 peraret
279 1183 424 1236 occupare:
450 1185 517 1236 expe
538 1169 602 1220 itum
625 1169 673 1220 iter
690 1185 758 1236 esse,
777 1185 938 1236 quamquam
959 1170 1060 1220 Araxes

153 1236 240 1288 amnis
257 1235 396 1288 interfluat.
433 1237 541 1290 Nullam
555 1239 679 1288 virtutem
699 1239 768 1304 regis
787 1238 861 1289 istius
872 1237 965 1305 magis,
978 1253 1059 1305 qnam

153 1305 326 1374 celeritatem,
352 1305 548 1358 laudaverimt²
577 1306 674 1358 relictis
702 1305 870 1376 pedestribus
893 1307 981 1374 coiis,
1008 1316 1060 1357 tota

153 1383 229 1426 nocte
242 1391 302 1427 curn
316 1376 457 1444 equitibus,
472 1376 571 1428 itineris
589 1385 660 1427 tanto
673 1377 757 1444 spatio
770 1375 892 1444 fatigatis,
906 1323 942 1426 al
954 1377 1058 1427 Araxen

152 1443 237 1512 prima
257 1443 317 1495 luce
338 1445 466 1513 pervenit.
503 1444 561 1496 Vici
580 1454 654 1496 erant
678 1445 702 1495 in
728 1445 885 1514 propinquo:
908 1444 1004 1512 quibus
1021 1443 1059 1496 di·

152 1513 225 1579 rutis,
245 1521 360 1582 pontem,
380 1529 413 1565 ex
432 1513 543 1566 materia
562 1527 659 1578 eomm,
680 1512 793 1565 subditis
811 1513 889 1581 saxis,
903 1524 1008 1564 strenue
1022 1514 1057 1564 in-

151 1579 234 1634 duxit.
270 1582 383 1651 Jamque
412 1582 481 1634 haud
508 1582 598 1652 procul
622 1583 686 1635 urbe
711 1592 791 1650 erant,
816 1599 877 1634 curn
908 1581 1059 1634 miserabile

150 1665 246 1718 agmen
272 1651 339 1702 inter
362 1651 456 1719 pauca³
478 1652 597 1703 fortunae
622 1650 746 1720 exempla
769 1649 979 1717 memorandum,
1006 1651 1058 1717 regi

150 1721 271 1776 occurrit.
307 1720 410 1788 Captivi
428 1729 500 1772 erant
521 1720 615 1772 Graeci
635 1721 667 1771 ad
706 1729 808 1771 trattuor
826 1720 899 1772 milia
918 1719 981 1786 fere,
994 1735 1059 1787 quos

88 1823 95 1841 .
151 1787 247 1840 Persae
266 1791 336 1840 vario
358 1789 545 1860 suppliciorum
565 1789 643 1841 modo
664 1737 824 1842 affecerant:
850 1790 916 1840 alios
936 1788 1056 1856 pedibus,

150 1859 279 1926 quosdam
303 1859 426 1910 manibus
449 1858 608 1927 auribusque
628 1858 778 1926 amputatis,
799 1859 945 1925 inustisque
966 1857 1057 1926 barba-

151 1943 237 1978 rarum
258 1927 402 1979 litterarum
422 1927 496 1995 tretis,
511 1927 535 1978 in
555 1927 662 1993 longum
682 1927 722 1979 sui
743 1925 896 1978 ludibrium⁶
909 1923 1057 1976 reservave-

151 2004 221 2048 rant:
248 2005 275 2048 et
291 2013 361 2048 ¹curn
385 2013 414 2047 se
438 2012 544 2064 quoque
567 1996 672 2047 alienae
694 1995 806 2046 dicionis
828 2010 888 2046 esse
911 2003 1055 2062 cernerent,

150 2065 268 2117 volentes
289 2067 341 2132 regi
363 2081 499 2118 occurrere
520 2081 570 2116 non
591 2063 783 2132 prohibuerant.
819 2062 956 2115 Invisitata
976 2062 1057 2114 simu-

149 2132 239 2200 lacra,⁵
254 2151 303 2186 non
324 2133 622 2202 hominesvidebantur,
638 2151 687 2184 nec
706 2133 848 2202 quicquam
868 2133 892 2184 in
912 2131 963 2183 illis
980 2147 1053 2201 prae·

149 2211 188 2254 ter
212 2219 306 2255 vocem
336 2212 436 2272 poterat
465 2203 581 2270 agnosci.
618 2201 711 2254 Plures
733 2201 811 2270 igitur
839 2201 962 2254 lacrimas
985 2217 1056 2252 corn·

148 2288 265 2341 movere,
286 2289 365 2341 quam
389 2271 557 2341 profuderant
581 2272 648 2339 ipsi:
673 2272 771 2339 quippe
793 2270 819 2322 in
840 2280 895 2322 tam
916 2269 1055 2338 multiplici

148 2341 272 2410 variaque
299 2341 402 2393 fortuna
428 2341 597 2409 singulorum,
620 2339 792 2394 intuentibus⁰
810 2341 913 2393 similes
936 2339 1054 2408 quidem,

148 2410 195 2462 sed
212 2423 300 2463 tamen
320 2409 442 2478 dispares
460 2427 566 2478 poenas,
580 2411 640 2476 quis
659 2411 776 2464 maxime
798 2409 955 2461 miserabilis
974 2417 1053 2475 esset,

148 2477 249 2548 liquere
271 2496 321 2532 non
341 2486 452 2549 poterat.
488 2478 523 2531 Ut
543 2495 604 2528 vero
625 2479 719 2536 lovem
740 2477 776 2529 illi
798 2479 905 2532 tandem
926 2478 1055 2531 Graeciae

148 2547 260 2602 ultorem
278 2565 294 2600 a
331 2549 415 2600 ruisse
427 2547 517 2600 oculos
533 2547 742 2615 conclamavere,
755 2563 848 2600 omnes
859 2547 916 2616 pari
928 2563 977 2616 snp
996 2545 1055 2597 licio

147 2615 237 2670 affecti
268 2621 289 2670 si
311 2618 318 2668 i
344 2616 521 2670 videbantur.⁷
556 2615 612 2667 Rex
642 2615 775 2685 abstersis,
801 2565 1054 2685 quas-profuderat,

148 2685 271 2754 lacrimis,
290 2686 388 2740 bonurn
408 2685 507 2738 habere
533 2685 655 2735 animum
679 2684 762 2752 jubet,
781 2685 881 2736 visuros
900 2685 977 2736 urbes
995 2699 1056 2735 suas

148 2754 344 2824 conjugesque:
363 2763 390 2807 et
403 2761 488 2806 castra
501 2752 563 2804 inde
574 2753 627 2805 duo
639 2752 674 2805 ab
687 2753 751 2805 urbe
764 2751 850 2804 stadia
861 2753 1016 2804 communit.

177 2897 291 2944 ¹‘Given
308 2899 355 2956 ur).⁷

175 2959 185 2984 ²
195 2953 242 3003 For
253 2955 300 3003 this
312 2972 354 3004 use
363 2955 391 3003 of
398 2955 438 3004 the
450 2954 540 3014 perfect
551 2953 713 3013 subjunctive,
725 2967 767 3002 see
780 2951 877 3021 Zumpt,
891 2951 904 3004 b
916 2956 967 3002 527.

175 3018 184 3041 ²
196 3013 304 3074 ‘Among
312 3015 359 3061 few
367 3015 383 3071 ;’
397 3014 448 3062 that
460 3015 490 3068 is,
504 3019 544 3061 ‘as
553 3012 619 3067 few,’
629 3011 748 3060 therefore
760 3011 922 3071 ‘especially‚’
934 3013 1054 3074 imprbnla.

148 3071 210 3178 Thrp
220 3071 265 3176 {qa
275 3087 384 3120 common
396 3073 466 3121 mode
477 3072 505 3120 of
517 3071 658 3131 expression
668 3071 728 3119 with
739 3069 800 3120 lator
811 3069 883 3118 Latin
894 3070 1001 3127 authors,
1014 3080 1055 3119 not

147 3141 188 3179 wit
242 3145 313 3178 icero.

175 3196 184 3217 ⁴
196 3189 259 3270 ‘lm
267 3203 296 3236 an
306 3200 455 3237 amusement
467 3201 491 3238 to
501 3189 672 3246 themselves3'
686 3188 738 3236 that
750 3187 779 3245 is,
795 3188 912 3238 ‘tomake
921 3197 986 3248 sport
996 3187 1055 3235 with

146 3249 314 3367 th‘llll'igures
325 3321 352 3353 or
363 3307 447 3368 beings
459 3321 532 3356 never
542 3308 622 3356 before
634 3321 693 3357 seen
704 3307 736 3367 by
747 3306 834 3356 mortal
844 3305 907 3366 eye!

174 3367 250 3415 '‘To
262 3365 331 3413 those
343 3365 399 3411 who
415 3365 502 3414 loolred
519 3379 542 3414 at
559 3367 600 3414 the
617 3368 724 3428 injurias,
738 3366 838 3422 similar,
851 3362 946 3417 indeed,
959 3363 1002 3429 but
1013 3371 1054 3422 yet

145 3425 266 3533 qiffqqeqt,
280 3425 297 3472 it
310 3423 380 3472 could
392 3437 432 3471 not
444 3427 474 3472 be
484 3426 567 3481 clear,'
582 3427 640 3483 &cr
654 3426 706 3474 that
717 3425 746 3482 is,
762 3425 793 3472 ‘it
806 3439 857 3472 vves
873 3420 1014 3480 impossrble
1030 3430 1055 3469 to

162 3501 200 3571 εει·
210 3501 281 3591 'l'lren
294 3542 356 3590 their
366 3542 496 3601 symparhy
508 3557 558 3588 was
574 3543 669 3590 excited
686 3552 712 3588 to
727 3539 787 3588 such
798 3555 812 3587 a
822 3539 919 3600 degree.
932 3535 984 3584 that
997 3537 1055 3598 they

146 3601 178 3651 all
189 3601 232 3652 felt
244 3618 271 3651 ae
282 3601 303 3650 if
310 3602 369 3660 they
381 3599 529 3648 themselves
540 3599 587 3647 had
598 3600 736 3660 undergone
747 3597 838 3647 similar
848 3595 1016 3646 mutilatione!
