2410 3890
148 244 204 300 154
255 243 258 249 '
412 259 452 300 nr
476 259 582 300 essars
604 259 789 300 snaxsunru.

144 369 216 422 sicae
234 368 322 438 regiae
346 383 393 437 par
409 368 521 422 deorum
544 368 679 439 potentiae
702 367 761 422 fasti
782 369 847 422 'urnl
863 367 1056 422 aemulabatur.

144 439 238 492 Jacere
262 438 339 493 humi
358 438 560 493 venerabundos
571 492 572 495 ,
583 439 694 508 ipsum?
711 456 763 508 pau
774 439 894 508 atimque
917 437 1059 492 servilibus

145 507 301 564 ministeriis,
317 508 486 562 totvictores
508 509 630 576 gentium
653 507 772 562 imbuere
796 517 823 561 et
846 508 959 578 captivis
980 524 1061 577 pares

145 576 235 630 facere
258 595 291 630 err
327 577 408 631 tebet.
445 578 537 646 ltaque
564 587 728 648 purpureum
751 577 876 630 diadema
902 577 1059 632 distinctum

145 646 227 715 albo,³
242 664 321 716 quae
340 649 442 702 Dareus
460 646 597 718 habuerat,
610 666 642 701 ca
664 649 692 700 iti
704 647 886 716 circumdedit,
901 659 1059 715 vestemque

128 716 281 788 ,Persicam
299 735 359 770 sum
379 719 420 787 sit,
440 735 473 772 ne
492 735 572 770 omen
589 665 699 787 qnirlhru
717 719 825 786 veritus,
857 717 909 770 uod
925 715 1061 769 avictnris

145 785 293 854 insignibus
310 787 337 841 in
355 735 454 858 (leviori
473 787 594 840 transiret
617 786 747 843 habiturn.
785 787 819 840 Et
837 735 882 838 ille
900 803 929 839 se
948 785 1058 855 quidem

145 856 230 926 spolia
242 857 380 910 Persarum
393 859 499 926 gestare
511 855 631 910 dicebat:
645 857 767 909 sedeam
781 856 832 908 illis
843 859 959 926 qunque⁴
972 871 1060 908 mores

146 925 274 998 induerat,
288 927 494 997 superbiamque
512 926 620 979 habitus
635 925 716 978 animi
736 925 876 978 insolentia
889 925 1056 995 sequebatur.

145 995 260 1049 Litteras
279 1013 395 1066 quoqne,
421 1013 488 1066 quas
510 996 536 1049 in
560 996 694 1065 Europam
717 996 840 1064 mitteret,
867 997 964 1048 veteris
985 994 1059 1046 anuli

145 1082 254 1134 gemma
277 1065 441 1135 obsignabat,
466 1066 515 1135 his,
539 1083 606 1134 quas
636 1065 663 1119 in
693 1066 787 1118 Asiam
817 1065 953 1133 scriberet,
979 1063 1058 1116 Darei

145 1135 241 1188 anulus
258 1134 459 1205 imprimebatur
466 1151 474 1204 3
491 1145 520 1188 ut
538 1143 683 1205 appareret,
704 1153 786 1188 unum
805 1135 927 1188 animum
945 1134 1060 1186 duorum

146 1207 198 1257 non
217 1220 313 1274 capere
332 1206 472 1258 fortunam.
509 1204 618 1258 Amicos
636 1223 698 1258 vero
716 1214 743 1258 et
760 1205 864 1274 equites
880 1203 919 1275 (hi
934 1204 1060 1272 namque⁵

146 1273 280 1344 principes
302 1274 438 1344 militum),
462 1284 635 1344 aspernantes
658 1274 765 1344 quidem
790 1274 835 1329 sed
861 1290 983 1326 recusare
1008 1287 1058 1324 non

146 1359 233 1411 ausos,
253 1342 366 1396 Persicis
384 1353 521 1398 ornaverat
534 1344 660 1398 vestibus.
697 1345 811 1398 Pellices
822 1344 886 1398 CCC
898 1353 924 1394 et
936 1343 988 1409 LX,
1002 1341 1059 1394 toti·

146 1412 210 1464 dem
228 1423 290 1482 quot
309 1413 388 1466 Darei
407 1414 519 1484 fuerant,
539 1415 640 1482 regiam
658 1414 812 1484 implebant,
830 1430 897 1482 quas
911 1411 1058 1482 spadonum

146 1498 247 1552 greges,
261 1491 288 1535 et
300 1482 351 1552 ipsi
363 1483 504 1536 muliebria
515 1484 570 1554 pati
582 1484 689 1552 assueti,
703 1483 890 1553 sequebantur.

183 1557 224 1604 21.
246 1553 330 1604 Hace
356 1553 419 1608 luxu
450 1562 476 1605 et
505 1554 650 1623 peregrinis
679 1553 778 1606 insecta
806 1552 925 1606 moribus
955 1562 1060 1605 ueteres

147 1621 262 1692 Philippi
286 1623 395 1693 milites,
418 1622 490 1676 rudis
510 1623 580 1676 natio
603 1623 637 1675 ad
661 1622 818 1692 voluptates,
842 1622 931 1692 palam
955 1637 1061 1674 aversa·

147 1691 249 1761 bantur,
264 1693 375 1762 totisque
392 1692 486 1746 eastris
504 1709 573 1746 unns
585 1690 709 1747 ‘omniurn
728 1709 822 1746 sensus
838 1709 872 1744 ac
890 1707 976 1744 sermo
994 1698 1057 1760 erat,

147 1762 208 1831 plus
227 1762 358 1816 amissum
378 1762 496 1830 victoria,
518 1779 600 1830 quam
620 1762 691 1815 bello
711 1780 771 1816 esse
812 1761 953 1815 uaesitnm.
989 1761 1059 1812 Tum

146 1832 264 1885 maxime
283 1831 355 1884 vinci
378 1832 456 1902 ipsos,
477 1830 594 1902 dedique
617 1832 712 1885 alienis
735 1833 801 1886 mori
822 1849 853 1884 us
876 1840 902 1882 et
926 1830 1058 1884 externis:

148 1909 236 1955 tantae
255 1919 345 1955 morae
363 1903 489 1972 pretium⁷
506 1901 599 1954 domos
616 1902 692 1970 quasi
710 1903 738 1956 in
753 1901 856 1970 captivo
867 1899 961 1954 habitu
974 1915 1060 1952 rerer·
1126 1959 1130 1966 1

147 1987 229 2024 suros.
260 1971 364 2026 Pudere
375 1971 430 2042 jam
444 1970 494 2024 sui.
526 1973 636 2039 Regem,
649 1973 728 2025 vietis
739 1989 819 2042 quam
833 1968 975 2022 victoribus
988 1967 1059 2022 simi·

147 2039 248 2111 liorem,
269 2059 304 2095 err
323 2041 500 2094 Macedoniae
519 2041 677 2110 imperatore
701 2042 779 2095 Darei
803 2050 923 2109 satrapen
948 2039 1057 2092 iactum.

147 2109 195 2162 llle
208 2127 259 2164 uon
272 2111 378 2180 ignarus
390 2120 416 2163 et
429 2111 561 2190 principes
572 2111 718 2165 amicorum
734 2121 760 2164 et
777 2111 925 2164 exereitum
943 2109 1060 2176 graviter

146 2178 254 2248 offendi,
279 2181 392 2248 gratiam
418 2179 577 2232 liberalitate
603 2179 731 2250 donisque
757 2196 878 2250 reparare
902 2177 1057 2248 temptabat.

147 2248 207 2317 Sed,
221 2249 317 2319 opiner,
327 2249 419 2302 liberis
430 2249 546 2318 pretinm
558 2250 692 2302 servitutis
704 2251 835 2318 ingratum
847 2258 896 2302 est.
933 2249 1060 2316 igiturne

147 2317 173 2369 in
187 2317 344 2370 seditionem
357 2335 400 2370 res
412 2327 565 2384 verteretur,
578 2319 664 2372 otium
677 2319 899 2388 interpellandum
911 2325 967 2370 erat
980 2315 1058 2385 bello,

147 2387 225 2456 cujus
244 2387 356 2440 materia
375 2396 519 2456 opportune
539 2385 680 2443 alebatur.⁸
714 2390 837 2458 Namque
858 2387 963 2454 Bessus,
984 2393 1058 2438 veste
1113 2426 1126 2444 ,

147 2461 221 2524 regia
233 2466 347 2526 sumpta,
360 2458 526 2510 Artaxerxen
538 2457 665 2527 appellari
673 2475 707 2512 se
721 2458 842 2526 jusserat,
854 2456 1020 2526 Scythaeque
1031 2463 1059 2507 et

147 2535 250 2580 ceteros
261 2527 359 2580 Tanais
375 2527 481 2579 accolas
497 2527 678 2581 contrahebat.
715 2529 788 2581 Haec
800 2515 984 2581 Satibarzanes
996 2541 1059 2577 nun·

152 2627 923 2638 ,---.,..-....-.-.-.-.-..-...-..-..
932 2625 1056 2634 ..ῃ-...μα

176 2688 183 2711 ¹
197 2682 334 2730 ‘Loftiness
343 2683 358 2730 :’
369 2684 500 2744 fastigium
511 2679 615 2742 literally
626 2698 709 2730 means
720 2681 761 2729 the
772 2681 839 2744 ridge
850 2679 878 2728 ns
888 2695 901 2726 a
912 2679 999 2729 house.
1012 2677 1058 2726 and

147 2757 213 2790 more
230 2741 383 2802 particularly
395 2741 446 2789 that
459 2741 589 2802 triangular
599 2741 663 2801 peak
674 2741 754 2789 which
765 2756 816 2788 was
827 2740 868 2787 the
881 2738 986 2798 peculiar
998 2738 1058 2786 form

146 2800 175 2849 of
186 2801 294 2849 thereos
305 2801 333 2848 of
344 2817 359 2848 a
369 2800 467 2860 temple.

174 2860 250 2908 ῃΤττε
266 2861 362 2920 leading
373 2862 430 2908 verb
447 2860 468 2908 is
484 2860 608 2922 expetebat,
624 2859 668 2907 ‘he
680 2855 788 2914 desired3
807 2867 888 2905 strove
901 2857 970 2906 that)
1003 2855 1058 2904 The

146 2919 230 2966 verbal
246 2919 377 2978 adJ'ectives
393 2919 417 2966 in
433 2921 526 2967 bundas
542 2918 653 2977 properly
665 2917 694 2966 do
710 2928 750 2964 not
767 2933 857 2978 govern
870 2933 916 2976 any
929 2932 998 2972 case3
1017 2917 1059 2964 but

146 2977 207 3026 such
223 2994 250 3026 as
266 2994 305 3026 are
322 2978 420 3029 derived
433 2979 494 3026 from
508 2978 632 3026 transitive
644 2977 715 3026 verbs
727 2991 767 3024 ere
779 2977 919 3024 sometimes
932 2973 1060 3023 construed

147 3037 206 3084 with
217 3036 258 3084 the
270 3037 414 3086 accusative.
448 3037 494 3086 See
508 3037 587 3084 (ἔναντι.
600 3036 613 3088 b
624 3039 673 3084 145.

175 3097 254 3144 '‘Set
265 3096 302 3144 off
315 3097 373 3144 with
385 3097 476 3144 white!

175 3160 184 3184 ‘
195 3155 250 3204 The
260 3171 351 3262 qaoque
361 3156 462 3216 belongs
473 3165 499 3203 to
509 3171 590 3202 nwres.
617 3153 672 3202 The
681 3153 785 3214 position
793 3153 868 3214 ought
877 3153 996 3202 therefore
1005 3166 1058 3212 pro·

146 3215 322 3324 &lislomoiie
334 3215 601 3334 lllieenp'iiiiteilrrihlilliis
612 3271 774 3332 conjunctior,
787 3277 828 3320 see
842 3271 941 3330 Zumpt,
954 3268 1029 3322 l345.

174 3339 183 3364 ¹
196 3290 388 3392 ‘Theseiiings
396 3333 413 3388 ;’
431 3331 482 3379 that
494 3332 524 3398 ie,
537 3330 585 3378 this
597 3330 742 3392 disgracesul
752 3339 814 3380 state
826 3330 854 3378 of
866 3340 975 3379 matters.

175 3397 183 3420 ¹
193 3393 223 3442 In
232 3392 366 3452 apposition
376 3401 401 3437 to
410 3390 450 3438 the
460 3389 577 3438 infinitiva
587 3407 720 3439 reversuros
730 3407 791 3446 essa·
807 3395 848 3438 ‘as
858 3390 900 3439 the
909 3389 956 3439 due
966 3385 1060 3438 reward

147 3450 185 3500 ior
195 3468 224 3500 so
235 3451 292 3512 long
303 3465 317 3497 a
327 3448 415 3507 delay.‘

175 3514 183 3539 ¹
197 3513 249 3559 ‘An
259 3507 372 3558 occasion
382 3506 410 3555 os
418 3505 498 3554 which
508 3507 653 3569 seasonably
665 3507 756 3557 offered
766 3505 848 3556 ireelfi’
