2264 3880
114 291 116 298 Α
171 213 229 270 πθ
437 227 477 268 us
500 211 607 269 ossrss
628 225 811 270 auxanus.

171 353 240 392 mus.
277 334 378 390 Deinde
455 351 501 388 cos
526 351 631 404 quoque
656 333 823 390 incommode
841 341 961 402 regunt:
983 350 1083 404 congre

24 395 25 468 J
106 437 107 441 κ
170 415 232 474 gata
243 421 306 458 vero
318 412 355 458 tot
367 404 509 474 miiaipsa
520 421 550 456 ss
568 403 676 472 elidunt,
689 402 733 458 ubi
754 420 805 456 neo
824 411 905 470 stare,
919 400 1014 459 neci
1061 421 1083 458 re

171 475 301 544 potuerint
324 473 453 528 inhabiles
474 482 608 526 vastmum
634 489 771 541 corporum
796 471 902 526 moles.¹
950 471 1028 542 Equi
1047 492 1082 526 em

171 544 209 596 sic
220 543 344 598 animalia
357 544 407 596 ista
418 543 573 612 contempsi,
588 550 616 595 ut
627 559 690 594 cum
702 541 838 611 haberem,
853 542 913 610 ipse
933 559 994 594 non
1013 560 1083 612 cppc

171 612 278 680 suarim,
291 613 355 665 satis
366 628 471 681 gnarus,
480 611 541 682 plus
553 613 614 682 suis,
624 629 705 681 quam
717 610 836 664 hostibus
847 610 968 680 periculi
982 610 1083 664 inferre.

171 682 207 734 At
227 682 310 735 eniml
334 681 455 750 equitum
479 680 652 750 peditumque
676 680 816 734 multitudo
836 695 884 732 vos
909 679 1081 732 commoret!

171 751 237 804 Cum
251 751 344 820 paucis
361 751 574 820 eninspugnare
594 749 660 804 soliti
681 750 751 816 estis,
765 758 792 802 et
812 765 883 802 nunc
904 748 1032 817 primum
1051 751 1082 802 iu·

170 820 302 874 conditam
316 819 478 874 sustinebitis
490 819 602 873 turbam.
639 819 727 872 Testis
738 817 865 872 adversus
876 817 1083 872 multitudinem

170 890 262 943 invicti
274 889 455 944 Macedonum
467 888 565 941 roboris
582 887 711 941 Granicus
730 887 825 957 amnis,
839 895 866 939 et
890 885 995 940 Cilicia
1017 890 1083 942 inuu-

170 958 233 1011 data
255 975 347 1012 cruore
371 958 516 1026 Persarum,
536 967 564 1010 et
581 957 686 1022 Arbela,
706 955 782 1034 cujus
804 955 896 1025 campi
912 955 1084 1010 devictorum

170 1027 275 1082 anobis
286 1028 391 1081 ossibus
407 1028 480 1080 strati
497 1037 567 1080 suut.
603 1026 665 1079 Sero
677 1025 792 1080 hostium
804 1025 927 1092 legiones
941 1043 1084 1080 numerare

169 1097 299 1167 coepistis,
321 1106 460 1168 postquam
483 1095 653 1148 solitudinem
675 1093 701 1147 in
725 1095 789 1148 Asia
811 1093 948 1147 vincendo
975 1094 1082 1148 fecistis

169 1167 237 1220 Cum
260 1183 306 1236 per
329 1167 529 1234 Hellespontum
552 1165 744 1232 navigaremus,
772 1163 806 1216 de
830 1164 975 1232 paucitate
999 1175 1083 1218 nostra

169 1237 338 1302 cogitandum
361 1234 410 1289 fuit
420 1236 438 1286 :⁴
462 1251 533 1288 nunc
555 1251 603 1286 nos
625 1232 740 1303 Scythae
760 1242 914 1302 sequuntur,
942 1232 1084 1287 Bactriana

169 1304 267 1356 auxilia
279 1313 380 1374 praesto
393 1312 461 1370 sunt,
475 1303 566 1356 Dahae
579 1303 755 1372 Sogdianique
768 1303 834 1354 inter
846 1317 895 1354 nos
907 1301 1045 1356 militant.

206 1378 244 1426 10.
257 1374 316 1426 Nec
328 1383 416 1426 tamen
430 1372 468 1424 illi
481 1373 572 1426 turbae
584 1373 695 1426 conlido.
730 1371 840 1424 Vestras
857 1387 962 1424 manus
976 1371 1081 1440 intueor,

169 1451 284 1496 vestram
302 1441 424 1495 virtutem
449 1459 543 1508 rerum,
563 1459 630 1512 quas
653 1452 776 1509 gesturus
799 1457 866 1508 sum,
886 1440 996 1496 vadcm
1014 1459 1080 1512 prae

168 1509 284 1580 demque
296 1509 401 1564 habens
435 1511 567 1569 Quamdiu
581 1512 716 1565 vobiscum
733 1510 760 1564 in
778 1509 834 1564 acie
853 1507 941 1578 stabo,
957 1528 1012 1564 nec
1025 1511 1081 1564 mei‘

170 1597 219 1633 neo
250 1580 364 1636 hostium
394 1582 525 1634 exercitus
553 1597 677 1633 numero:
709 1597 756 1632 vos
778 1577 856 1632 modo
879 1577 995 1633 animos
1024 1579 1082 1634 mihi

169 1649 261 1719 plenos
271 1649 415 1702 alacritatis
426 1665 459 1702 tto
473 1649 587 1704 fiduciae
606 1649 743 1702 adhibete.
777 1649 836 1702 Non
856 1646 883 1700 in
905 1646 1007 1702 limine
1029 1665 1081 1720 cpe·

170 1735 229 1771 rum
246 1718 418 1788 laborumque
437 1727 588 1786 nostrorum,
608 1717 655 1770 sed
673 1718 699 1770 in
717 1717 790 1771 exitu
811 1726 932 1770 stamus:
964 1719 1082 1788 perveni·

169 1805 231 1841 mus
248 1787 282 1840 ad
302 1788 363 1841 solis
380 1797 467 1840 ortum
484 1796 514 1838 et
529 1787 673 1856 Oceanum,
693 1787 743 1841 nisi
761 1786 846 1840 obstat
867 1785 997 1854 ignavia:
1029 1788 1083 1841 inde

169 1858 289 1927 victores,
308 1857 454 1926 perdomito
477 1856 530 1909 fine
555 1865 689 1922 terrarum,
707 1864 870 1910 revertemur
900 1853 927 1908 in
962 1858 1082 1926 patriam.

169 1927 268 1997 Nolite,
292 1927 362 1996 quod
386 1926 451 1996 pigri
480 1925 610 1993 agricolae
633 1925 741 1992 faciunt,
766 1933 883 1978 maturos
907 1923 1021 1980 fructus
1045 1944 1084 1997 per

169 1997 290 2050 inertiam
309 1996 432 2049 amittere
450 2012 466 2046 e
483 1994 615 2048 manibus.
652 1993 755 2063 Majora
775 2001 834 2046 sunt
854 1993 989 2062 periculis
1016 2014 1085 2066 praa·

169 2066 238 2118 mia:
257 2065 333 2118 diues
350 2064 456 2118 cadens
468 2072 494 2116 et
506 2063 622 2120 imbellis
633 2074 673 2116 est
687 2064 766 2132 regio.
802 2063 895 2131 ltaque
908 2079 967 2118 non
981 2073 1043 2118 tam
1054 2065 1083 2118 ad

168 2134 279 2202 gloriam
291 2149 339 2187 vos
354 2133 431 2200 duco,
444 2149 524 2201 quatu
542 2132 576 2186 ad
596 2133 729 2202 praedam.
766 2131 844 2200 Digni
857 2131 931 2212 estis,
947 2134 1000 2204 qui
1014 2151 1083 2204 opes,

168 2217 236 2270 quas
255 2201 318 2254 illud
338 2219 411 2256 mare
431 2202 550 2255 litoribus
566 2202 674 2271 invehit,
689 2201 809 2254 reseratis
820 2201 848 2252 in
896 2209 990 2272 trram,
1007 2203 1084 2272 digni,

169 2271 214 2338 qui
232 2270 297 2324 nihil
316 2271 490 2339 inexpertum,
503 2270 569 2324 nihil
586 2282 661 2324 metu
681 2271 810 2324 omissum
826 2287 853 2322 re
866 2269 1001 2338 inquatis.
1042 2275 1085 2327 Per

170 2355 216 2390 ros
226 2338 399 2408 gloriamque⁸
411 2349 534 2406 vestram,
547 2357 600 2407 qua
618 2341 764 2394 humanum
782 2338 917 2406 fastigium
940 2343 1084 2410 exceditis,

168 2457 252 2567 {inary
273 2460 376 2571 qralthice
396 2458 454 2510 than
473 2462 594 2510 declinari.
632 2461 679 2508 See
700 2461 780 2508 Grani.
802 2459 884 2514 §139¹
908 2471 973 2509 note
998 2466 1023 2519 1,
1045 2461 1085 2511 and

191 2535 231 2568 ttm
251 2529 267 2574 t,
352 2556 357 2567 .

168 2535 270 2688 diffie
286 2577 364 2627 future
380 2577 470 2639 perfect
483 2581 604 2642 potueritis
622 2577 733 2639 properly
743 2577 850 2638 requires
868 2576 979 2628 mother
994 2579 1083 2635 future.

197 2698 253 2746 'As
264 2707 290 2746 to
300 2706 325 2746 ot
336 2699 405 2754 enim,
418 2713 460 2745 see
472 2697 570 2756 Zumpt,
582 2698 597 2749 l
608 2699 659 2746 349.
908 2753 914 2763 ·

197 2755 289 2806 '‘You
300 2757 362 2805 have
373 2773 404 2805 nc
421 2758 496 2804 doubt
513 2758 574 2803 been
592 2755 746 2803 accustomed
762 2763 788 2802 tc
803 2753 865 2815 light
881 2753 948 2804 wtth
966 2755 1047 2816 sew;’
1059 2773 1085 2806 stt

169 2814 266 2863 ironicsl
277 2825 399 2872 sentence,
412 2816 448 2864 sor
458 2815 500 2862 the
511 2815 620 2874 opposite
632 2815 652 2862 is
664 2821 752 2862 meant.

197 2873 279 2920 “We
290 2874 364 2935 ought
376 2885 401 2922 to
412 2875 472 2922 have
484 2873 586 2934 thought
598 2889 660 2932 upon
672 2888 716 2920 our
726 2871 796 2920 small
808 2872 943 2920 numbers.’

181 2985 186 2999 1
197 2938 206 2962 ·
215 2931 242 2979 ‘l
254 2931 314 2979 have
324 2947 383 2992 your
393 2933 477 2981 valour
487 2949 514 2980 as
523 2948 564 2992 my
572 2943 655 2992 surety
663 2932 679 2980 ε’
693 2935 773 2980 eaden
799 2933 937 2990 mortemque
946 2932 969 2982 is
978 2950 995 2982 a
1005 2935 1083 2983 rheto

167 2989 367 3058 ncelpleonesm.
395 2991 731 3054 SeeZumpt.b742,edfin.
784 2989 1084 3044 asnebutmcrtmiut

167 3047 243 3102 tricis,
255 3063 323 3109 praes
334 3064 348 3097 a
358 3060 442 3109 screty
452 3050 476 3097 in
487 3049 542 3098 civil
553 3065 629 3098 cases.

195 3106 268 3154 'The
278 3107 383 3176 genitive
395 3107 422 3155 os
434 3126 446 3155 e
461 3109 505 3156 ois
516 3109 576 3156 used
586 3108 679 3158 instead
696 3107 724 3156 of
736 3105 777 3156 the
795 3105 915 3166 adjective
932 3126 1017 3169 mm,
1031 3111 1084 3180 only

167 3165 270 3214 because
282 3176 299 3212 tt
311 3177 331 3214 ts
342 3181 431 3224 oppose
458 3177 482 3214 to
491 3169 599 3223 lwstr'sm,
612 3167 657 3216 and
669 3168 686 3214 it
703 3168 723 3216 is
739 3165 817 3272 rarelp
827 3165 962 3226 employed
979 3185 1050 3220 even
1063 3185 1084 3219 ttt

165 3224 375 3332 aph-:togatos
385 3241 445 3273 meos
456 3225 537 3274 would
547 3226 609 3274 hare
621 3228 682 3274 been
693 3226 734 3274 tha
745 3241 804 3286 regu
815 3239 841 3274 ar
850 3223 914 3274 form
924 3223 1000 3278 here.

193 3341 274 3390 ·Tnts
285 3357 337 3401 qao,
349 3340 442 3400 though
453 3340 526 3390 found
536 3343 559 3389 in
571 3342 603 3390 all
614 3339 655 3390 the
667 3341 836 3402 manuscripts,
849 3339 942 3392 should
952 3346 986 3396 be
999 3346 1084 3396 etmel

165 3408 216 3447 out.
247 3399 303 3448 The
318 3399 423 3458 position
437 3398 465 3446 ol
477 3399 518 3447 tlte
529 3400 609 3447 words
624 3399 668 3448 has
685 3400 723 3450 led
734 3417 800 3450 some
812 3399 879 3508 earlp
891 3405 1053 3456 transcribat
1063 3415 1084 3454 to

165 3456 260 3507 believe
271 3457 324 3508 thet
335 3458 379 3507 the
387 3475 427 3508 ses
437 3457 459 3506 is
474 3457 595 3517 goserned
606 3459 638 3518 by
647 3475 698 3519 prr,
710 3475 738 3508 as
748 3457 804 3510 well
814 3475 841 3508 aa
852 3469 861 3507 t
880 3474 894 3508 s
903 3463 1029 3524 glorian,
1042 3463 1084 3516 aud
