2314 3886
485 232 576 272 arasa
596 232 660 272 vru.
967 218 1024 268 ‘2:39

115 340 204 412 persit,
217 340 286 396 alius
297 359 331 396 ne
344 340 458 412 simplici
469 340 579 409 quidem
591 350 674 394 morte
692 341 834 395 defunctus
851 349 899 394 est.
936 340 1025 393 Duces

115 412 281 465 exercituum
299 421 402 464 tuorum
423 411 476 464 iue
498 409 617 462 uuleum¹
630 411 751 479 impositi,
767 411 860 479 Persis,
874 426 940 478 quos
953 411 1023 462 vice·

116 490 181 551 rant,
201 482 274 534 fuere
292 480 453 550 spectaculo.
511 481 629 532 armenio
653 481 751 532 indicta
774 497 856 532 causa
879 469 1024 533 trucidatus

113 559 162 619 est,
178 567 317 621 perquem
332 549 451 604 Attalum
464 549 608 602 occideras.
646 549 763 602 Invicem
782 549 854 602 enim
866 550 1021 602 miserorum

113 621 196 672 uteris
213 619 338 673 manibus
355 620 389 672 ad
408 619 558 689 expetenda
582 620 718 690 supplicia,
737 627 764 671 et
781 636 847 686 quos
865 618 942 688 paulo
960 629 1022 671 aute

112 691 249 744 ministros
272 689 365 742 caedis
388 687 513 757 habuisti,
535 688 622 741 subito
646 689 681 741 ab
703 687 765 740 aliis
786 687 865 757 jubes
888 688 1020 740 trucidari.

112 760 273 828 Obstrepunt
304 759 417 812 subinde
447 758 534 810 cuncti
568 757 716 825 Hermolao,
748 766 823 826 pater
855 760 1022 826 supremum²

112 831 251 882 strinxerat
270 828 377 894 ferrum,
390 844 563 897 percussurus
580 827 651 880 haud
670 827 758 896 dubie,
773 827 800 878 ni
813 826 938 881 inhibitus
951 840 1021 879 esset

110 917 126 950 a
140 914 217 966 rege:
237 898 335 967 quippe
348 897 518 950 Hermolaum
532 895 621 950 dicere
633 896 717 966 jussit,
731 896 866 966 petiitque,
880 907 908 948 ut
927 913 1021 948 causas

111 968 235 1036 supplicii
247 975 390 1036 augentem
404 966 534 1035 patienter
546 966 675 1019 audirent.
697 993 700 1012 r

146 1041 187 1088 25.
206 1039 295 1104 Aegre
308 1054 370 1105 ergo
382 1037 510 1104 coercitis,
524 1053 612 1088 rursus
629 1035 801 1088 Hermolaus:
822 1035 909 1094 Quam
928 1034 1021 1088 libera·

111 1106 177 1170 liter,
200 1106 290 1175 inquit,
313 1107 402 1176 pueris
421 1105 530 1158 rudibus
553 1105 587 1156 ad
608 1103 754 1158 dicendum
772 1121 852 1174 agere
870 1105 1017 1224 permittis!

110 1183 138 1228 at
162 1175 251 1228 Callist
273 1175 330 1228 enis
352 1192 405 1228 vox
426 1191 533 1228 carcere
557 1175 659 1227 inclusa
682 1183 730 1244 est,
750 1175 813 1244 quia
840 1191 868 1225 so
882 1191 912 1226 us
934 1184 1020 1243 potest

110 1245 208 1298 dicere.
286 1263 297 1297 r
320 1245 393 1298 enirn
411 1261 463 1298 non
482 1242 640 1314 producitur,
660 1261 723 1298 curn
740 1243 821 1296 etiarn
841 1242 955 1296 confessi
975 1261 1019 1296 au·

109 1314 248 1367 diunturt³
276 1331 374 1383 nempe
405 1313 468 1384 quia
498 1313 607 1366 liberam
632 1330 725 1366 vocem
756 1313 903 1366 innocentis
926 1313 1019 1365 audire

109 1384 215 1453 metuis,
239 1400 271 1436 ac
296 1383 445 1436 nevultum
470 1382 578 1452 quidem
603 1384 708 1453 pateris.
749 1383 831 1452 Atqui
860 1382 933 1435 nihil
957 1399 1017 1436 eum

110 1453 208 1506 fecisse
227 1453 364 1506 contendo.
401 1453 465 1506 Sunt
483 1453 534 1522 hic,
548 1453 593 1523 qui
613 1470 719 1508 mecum
739 1469 794 1506 rem
814 1451 1018 1522 pulcherrimam

109 1523 306 1591 cogitaverunt:
331 1540 411 1576 nemo
434 1531 482 1592 est,
502 1524 548 1591 qui
572 1524 709 1575 conscium
734 1521 816 1574 fuisse
834 1523 910 1574 nobis
928 1522 1018 1574 Callis-

109 1594 207 1646 thenen
226 1591 304 1663 dicat,
317 1611 381 1646 curn
393 1593 471 1645 morti
489 1592 552 1646 olim
572 1591 720 1644 destinatus
737 1593 781 1644 sit⁴
798 1609 815 1643 a
832 1591 979 1661 justissimo
993 1602 1019 1643 et

109 1662 300 1732 patientissimo
324 1679 394 1730 rege.
431 1661 506 1714 Haec
529 1679 591 1729 ergo
615 1670 675 1714 sunt
693 1660 873 1714 Macedonum
892 1662 1018 1729 praemia,

107 1747 217 1800 quorum
242 1740 271 1784 ut
293 1747 459 1800 supervacuo
483 1740 510 1782 et
533 1730 637 1782 sordido
660 1730 778 1783 abuteris
802 1729 945 1798 sanguine!
984 1734 1019 1784 At

108 1801 157 1854 tibi
182 1802 254 1854 XXX
283 1801 357 1854 milia
386 1799 519 1853 mulorum
542 1801 676 1869 captivum
701 1817 794 1852 aurunt
824 1799 932 1867 vehunt,
957 1815 1018 1852 cum

108 1869 209 1922 milites
232 1869 295 1922 nihil
324 1869 434 1922 domum
459 1881 563 1937 praeter
585 1869 714 1938 gratuitas
737 1870 886 1922 cicatrices⁵
911 1868 1018 1921 relaturi

108 1940 168 1992 siut.
204 1938 279 1996 Quae
297 1947 388 1990 tamen
406 1937 495 1990 omnia
518 1938 631 1990 tolerare
649 1938 790 2007 potuimus,
809 1945 951 2005 antequam
972 1955 1019 1991 uos

108 2007 227 2060 barbaris
239 2007 360 2073 dederes,
373 2015 401 2059 et
412 2023 480 2060 noro
493 2023 565 2060 more
578 2007 691 2060 victores
709 2006 759 2060 sub
776 2005 870 2076 jugum
889 2007 1017 2060 mitteres.

108 2077 246 2132 Persarum
267 2086 293 2130 te
311 2077 395 2130 vestis
412 2083 439 2128 et
456 2076 595 2146 disciplina
612 2076 736 2146 delectat,
749 2077 848 2146 patrios
866 2093 954 2129 mores
973 2093 1018 2130 err·

107 2163 169 2198 osus
187 2146 236 2198 es.⁰
271 2146 412 2200 Persarum
430 2162 500 2216 erga,
515 2163 565 2198 uon
584 2145 773 2214 Macedonum,
788 2163 878 2214 regern
897 2146 1017 2200 occidere

108 2216 249 2285 voluimus,
275 2225 302 2269 et
326 2225 352 2268 te
377 2213 542 2285 transfugam
566 2215 629 2268 belli
658 2216 717 2286 jure
740 2217 932 2285 persequimur.
976 2218 1017 2269 Tu

108 2285 273 2339 Macedonas
291 2284 397 2354 voluisti
420 2302 508 2354 genua
532 2285 580 2339 tibi
604 2302 710 2355 ponere,
736 2286 910 2365 venerarique
936 2295 962 2338 te
989 2298 1017 2338 ut

108 2354 204 2409 deum:
230 2363 257 2408 tu
281 2353 434 2425 Philippum
454 2364 557 2425 patrem
581 2355 718 2425 aversaris,
741 2363 768 2408 et
787 2355 809 2408 si
827 2372 889 2424 qurs
906 2356 1017 2408 deorum

107 2435 169 2477 ante
186 2426 282 2478 lovem
305 2425 455 2493 haberetur,
475 2424 607 2478 fastidires
625 2427 707 2479 etiarn
728 2426 832 2479 lovem.
868 2425 981 2494 Miraris,
996 2426 1017 2478 si

109 2495 184 2548 liberi
197 2494 322 2548 homines
333 2493 487 2564 superbiam
504 2504 578 2547 tuarn
596 2493 665 2547 ferre
684 2511 735 2547 non
753 2495 913 2564 possumusl
949 2495 1017 2553 Quid
1049 2503 1057 2514 “

108 2581 247 2633 speramus
264 2581 299 2616 ex
319 2574 353 2632 te,
367 2563 465 2633 quibus
484 2572 530 2616 aut
549 2563 697 2617 insontibus
715 2563 881 2617 moriendum
902 2574 950 2631 est,
963 2575 1017 2634 aut,

108 2633 179 2702 quod
193 2633 292 2686 tristius
303 2643 388 2686 morte
401 2642 449 2700 est,
463 2633 489 2685 in
502 2634 628 2686 servitute
639 2633 804 2686 vivendumt
840 2633 882 2684 Tu
900 2632 1016 2704 quidem,

109 2704 131 2757 si
150 2703 288 2757 emendari
300 2711 382 2772 potes,
397 2702 511 2756 multum
527 2701 593 2754 mihi
606 2702 699 2754 debes.
736 2702 777 2755 Ex
794 2718 840 2754 me
859 2703 931 2754 enim
950 2703 1018 2754 scire

108 2773 225 2842 coepisti,
239 2772 302 2842 quid
321 2771 429 2839 ingenui
448 2770 571 2824 homiues
583 2771 639 2824 fere
657 2788 708 2824 non
727 2771 835 2840 possint.
872 2771 912 2823 De
930 2783 1018 2824 cetero

108 2859 195 2910 parce,
209 2859 322 2912 quorum
340 2842 431 2894 orbam
452 2851 619 2894 senectutem
638 2840 775 2910 suppliciis
793 2857 827 2893 ne
840 2842 991 2894 oneraveris
1001 2845 1018 2893 :⁷

138 2952 144 2973 ¹
154 2945 220 2993 That
232 2946 261 3002 is,
274 2945 314 2992 tlte
325 2945 383 2993 raclr
395 2955 420 2992 to
432 2945 512 2992 which
523 2945 593 2992 tlrose
604 2945 660 2994 who
671 2961 735 2994 were
752 2954 777 2993 to
793 2947 823 2994 be
835 2946 943 2994 tortured
954 2923 1018 2995 were

109 3004 201 3109 bof‘tXt
213 3062 276 3119 last,’
290 3077 320 3110 an
330 3063 427 3111 adverb.
459 3063 506 3111 See
520 3063 600 3111 Grata.
613 3063 626 3114 t
639 3067 689 3114 109.
702 3073 759 3112 note
772 3068 791 3113 l.
835 3047 836 3050 Ἴ

138 3128 146 3151 ³
157 3127 163 3148 ‘
174 3121 247 3177 Now,
261 3121 332 3169 when
342 3138 404 3171 even
414 3122 484 3170 these
495 3122 550 3169 who
560 3123 622 3170 have
633 3121 760 3172 confessed
770 3125 864 3173 receive
875 3140 889 3172 a
899 3124 1016 3186 hearing.’

111 3181 170 3230 Cum
180 3195 307 3239 expresses
318 3180 375 3228 here
403 3181 453 3230 urel
482 3181 548 3229 time.

137 3247 146 3268 ⁴
157 3239 277 3300 ‘Though
289 3241 319 3286 he
330 3239 374 3288 has
384 3197 420 3288 for
431 3256 445 3288 a
455 3197 512 3301 fong
523 3241 581 3288 time
592 3241 655 3290 been
665 3239 767 3291 doomed
778 3253 803 3290 to
814 3241 903 3291 death.'

138 3308 146 3331 ³
157 3305 162 3325 ‘
172 3298 335 3347 Unrawarded
346 3299 428 3346 scars'

136 3359 176 3406 ‘A
188 3357 360 3426 strengthened
370 3358 510 3427 expression
520 3359 556 3406 for
565 3361 645 3416 odisti,
661 3359 733 3408 ‘thou
748 3360 853 3409 hatestr'
871 3376 954 3408 aoros
970 3360 1017 3408 aud

113 3434 208 3525 9²¹!th
215 3417 619 3536 teoxfhtetihlsyt,adphfhutcddslreesuhcsc
631 3477 745 3527 childless
761 3478 801 3528 old
816 3492 861 3543 age
873 3477 932 3528 thou
947 3488 1015 3528 csnst
