2410 3890
174 225 214 282 76
445 238 483 278 ns
507 237 615 278 essars
638 236 824 276 scaxsnuar.

175 347 211 402 ad
223 349 350 418 quietem,
363 347 411 400 sed
424 346 458 399 ad
470 345 665 416 praeparandos
677 343 788 414 animos,
802 343 897 398 diebus
914 343 984 398 datis
1001 341 1094 412 militi,

177 427 283 472 strenue
305 415 408 468 hostem
429 415 533 485 insequi
554 415 648 484 coepit,
669 424 798 483 metuens,
821 431 854 466 ne
875 415 998 466 interiora
1017 413 1095 482 regni

177 487 217 540 sui
242 493 351 555 peteret,
377 485 581 555 sequendusque
606 492 677 536 esset
701 500 748 552 per
772 483 829 535 loca
852 485 923 536 omni
948 481 1094 536 solitudine

177 564 257 626 atque
272 555 359 622 inopia
371 566 454 608 vasta.
492 555 573 622 Igitur
591 562 683 622 quarto
702 551 746 603 die
765 561 869 621 praeter
884 552 992 606 Arbela¹
1011 556 1094 622 p'ene·

178 635 228 678 trat
252 624 286 676 ad
310 625 408 692 Tigrin.
445 625 511 676 Tota
531 623 601 690 regio
625 623 692 674 ultra
716 639 823 674 amnem
848 623 947 675 recenti
971 622 1100 688 fumabat,

178 693 316 748 incendio:
335 695 433 764 quippe
452 695 590 761 Mazaeus,
609 709 784 760 quaecunque
803 685 910 760 adierat,
924 691 995 744 haud
1013 709 1095 745 secus

197 765 270 817 uam²
282 765 364 816 hostis
383 763 483 819 urebat.
520 765 560 814 Ac
578 761 663 830 primo
682 760 804 829 caligine,
818 779 897 830 quam
917 762 1007 814 lomus
1025 759 1094 813 effu·

178 781 261 902 derat,
279 833 437 888 obscurante
456 833 553 901 lucem,
573 831 728 882 insidiarum
748 839 820 882 metu
841 831 973 884 substitit:
994 829 1094 883 deinde

178 912 207 956 ut
230 903 409 972 speculatores
432 901 571 972 praemissi
593 908 648 952 tuta
670 899 760 951 omnia
781 901 974 969 nuntiaverunt,
995 915 1096 970 paucos

178 973 298 1042 equitum
319 973 352 1024 ad
377 972 563 1042 temptandum
582 971 680 1021 vadum
702 968 821 1022 fluminis
841 970 990 1040 praemisit:
1015 967 1095 1038 cujus

178 1041 290 1095 altitudo
303 1041 387 1110 primo
400 1057 506 1094 summa
523 1056 651 1108 equorum
669 1047 784 1107 pectora,
798 1055 858 1090 mox
881 1048 908 1090 ut
926 1039 951 1090 in
971 1039 1094 1092 medium

178 1110 286 1164 alveum
309 1121 419 1164 ventum
440 1118 488 1179 est,
509 1109 627 1162 cervices
647 1124 752 1177 quoque
773 1078 913 1176 aequabat.
949 1109 1008 1164 Nec
1027 1124 1094 1166 sane

179 1181 249 1234 alius
267 1179 300 1231 ad
319 1180 433 1233 Orientis
450 1179 557 1249 plagam
576 1187 630 1230 tam
649 1177 781 1228 violentus
799 1177 936 1246 invehitur,
949 1177 1094 1230 multorum

181 1249 332 1303 torrentium
345 1266 396 1302 non
409 1266 491 1318 aquae
509 1249 603 1316 solum,
617 1245 665 1299 sed
683 1245 763 1298 etiam
783 1263 846 1299 saxa
864 1264 957 1299 secum
976 1249 1093 1300 trahens.

166 1319 272 1387 ¹Itaque
292 1335 309 1370 a
328 1318 472 1387 celeritate,
493 1335 546 1386 qua
566 1316 667 1386 defluit,
688 1315 773 1384 Tigri³
793 1332 889 1369 nomen
909 1326 949 1370 est
969 1315 1093 1386 inditum,

180 1388 242 1457 quia
255 1387 361 1440 Persica
373 1387 462 1456 lingua
477 1385 510 1439 Ti
548 1386 570 1438 'n
583 1386 707 1454 sagittam
718 1385 861 1455 appellant.

216 1461 257 1509 38.
276 1455 358 1524 igitur
370 1457 460 1527 pedes,
476 1405 551 1512 veiili
566 1455 668 1508 divisus
681 1453 707 1506 in
720 1471 824 1522 cornua,
838 1453 1001 1508 circumdato
1019 1453 1094 1524 equi·

181 1528 257 1594 tatu‚⁴
268 1525 362 1578 levatis
374 1543 453 1596 super
465 1525 552 1594 capita
563 1523 652 1593 armis,
662 1523 733 1576 haud
746 1541 825 1591 aegre
838 1525 871 1576 ad
885 1525 971 1593 ipsum
984 1523 1095 1576 alveum

181 1604 308 1666 penetrat.
345 1595 450 1652 Primus
461 1594 529 1648 inter
541 1592 645 1664 pedites
657 1609 702 1645 ren
714 1609 838 1660 egressus
850 1594 876 1646 in
889 1595 980 1663 ripam,
994 1592 1095 1646 vadum

181 1664 312 1718 militibus
334 1682 424 1734 manu,
442 1663 548 1734 quando
566 1680 617 1724 vox
635 1661 755 1715 exaudiri
773 1679 823 1716 non
842 1672 950 1731 poterat,
970 1661 1095 1716 ostendit.

181 1733 232 1786 Sed
252 1733 363 1802 gradum
384 1733 489 1786 firmare
510 1733 554 1785 vix
572 1741 698 1802 poterant,
720 1748 783 1784 cum
806 1731 884 1784 modo
904 1749 968 1786 saxa
992 1731 1096 1786 lubrica

181 1803 324 1871 vestigium
342 1802 471 1874 fallerent,
485 1802 564 1856 modo
581 1801 694 1871 rapidior
712 1800 784 1853 unda
802 1800 982 1854 subduceret.⁶
1015 1802 1095 1854 Prae·

181 1873 276 1942 cipuus
300 1881 357 1926 erat
383 1872 456 1926 labor
487 1871 586 1942 eorum,
611 1871 656 1940 qui
684 1869 805 1926 humeris
831 1887 911 1923 onera
938 1871 1094 1942 portabant:
1124 1871 1127 1880 '

179 1944 279 2012 quippe
300 1959 363 1996 cum
383 1942 540 2011 semetipsos
559 1957 649 2008 regere
670 1957 720 1992 non
739 1949 853 2009 possent,
869 1941 894 1992 in
912 1940 1016 2010 rapidos
1034 1955 1096 2008 gur·

181 2013 250 2078 gites
265 2012 436 2081 incommodo
457 2029 536 2064 onere
561 2009 755 2076 auferebantur,
778 2017 805 2060 et
824 2009 888 2062 dnm
909 2027 958 2062 sua
982 2009 1095 2079 quisque

182 2080 264 2148 spolia
285 2081 411 2150 consequi
432 2083 527 2148 studet,
545 2079 630 2148 major
649 2079 718 2130 inter
737 2079 814 2146 ipsos,
831 2095 912 2146 quam
931 2097 993 2134 curn
1011 2078 1094 2148 amni,

181 2160 236 2201 orta
260 2149 368 2201 luctatio
393 2159 449 2216 est:
474 2149 627 2216 cumulique
651 2147 812 2200 sarcinarum
836 2148 1097 2216 passimfluitantes

182 2217 320 2286 plerosque
349 2218 533 2286 perculerantl
579 2217 646 2269 Rex*
664 2219 791 2282 monere,⁷
819 2228 847 2270 ut
874 2218 938 2270 satis
966 2217 1096 2271 haberent

181 2303 256 2338 arma
275 2287 394 2354 retinere,
408 2296 498 2339 caetera
516 2304 544 2338 se
564 2285 734 2338 redditurum.
771 2285 822 2338 Sed
841 2305 927 2356 neque
946 2286 1095 2357 consilium,

182 2373 269 2424 neque
297 2356 437 2424 imperium
462 2357 547 2424 accipi
570 2363 686 2424 poterat:
715 2353 883 2424 obstrepebat
912 2356 974 2410 hinc
997 2365 1095 2425 metus,

137 2434 140 2446 ¹
181 2434 286 2494 praeter
306 2423 377 2476 bunc
396 2425 511 2478 invicem
530 2423 690 2478 nutantium⁸
705 2435 814 2478 mutuus
829 2425 936 2478 clamor.
973 2425 1096 2479 Tandem

181 2511 233 2563 qua
252 2493 350 2546 leniore
369 2505 453 2548 tractu
470 2493 558 2548 amnis
577 2493 659 2561 aperit
672 2493 779 2562 vadum,
794 2511 936 2564 emersere,
951 2513 1002 2548 nec
1020 2494 1095 2564 quic.

182 2593 358 2601 m·-

211 2651 218 2674 ¹
232 2653 238 2671 ⁴
250 2645 352 2714 Bassing
370 2647 401 2706 by
413 2645 523 2700 Arbela,’
542 2637 710 2706 undertaking
718 2641 808 2696 larther
819 2644 888 2692 north
901 2644 942 2693 the
952 2659 1053 2706 passage
1065 2645 1094 2694 of

183 2705 223 2793 lh}
232 2705 337 2819 ligabis,
351 2781 398 2812 oon
409 2766 487 2811 minus
499 2779 575 2824 quam.
607 2761 645 2809 As
661 2779 709 2810 noa
720 2778 786 2810 semis
798 2761 817 2810 is
829 2762 966 2824 equivalent
979 2773 1003 2812 to
1013 2778 1094 2824 amaa,

182 2829 621 2943 '²2tl0ttldtlttt⁸attttl²⁴⁰·

211 2939 395 2990 ‘Circumdotus
411 2943 517 3002 equitatu
529 2938 606 3002 might
618 2939 669 2986 also
680 2939 741 2986 have
757 2939 820 2987 been
835 2941 895 2988 snid.
928 2939 975 2988 See
992 2939 1092 3000 Zumpt,

182 2997 196 3051 l
207 3001 294 3126 ,ll'llivo
305 3055 356 3109 thin
375 3074 386 3104 s
396 3058 510 3106 rendered
522 3057 562 3105 the
572 3057 681 3124 orossing
689 3055 790 3104 difficolt
799 3076 805 3105 r
811 3059 879 3119 first,
889 3058 929 3106 tlre
939 3071 1022 3106 stenes
1031 3073 1096 3106 were

182 3115 287 3185 slippery
297 3131 303 3172 ;
316 3132 346 3164 an
373 3119 489 3180 secondlp,
501 3117 541 3164 the
551 3115 653 3183 rap1drtp
663 3116 690 3162 of
697 3116 738 3164 the
747 3126 842 3164 current
851 3129 902 3166 was
912 3117 972 3166 such
981 3133 1007 3166 as
1015 3132 1094 3166 some·

182 3185 254 3222 times
266 3186 291 3222 to
302 3191 369 3234 carry
381 3175 421 3222 the
433 3191 488 3222 men
499 3176 570 3223 down
581 3173 623 3221 the
635 3190 704 3222 river.
864 3225 866 3231 ὲ

210 3237 219 3265 ⁸
234 3240 239 3260 ⁶
251 3233 339 3282 Struclr
351 3234 475 3294 violently,
489 3234 534 3282 and
545 3233 656 3294 severely
667 3233 777 3294 injured!

207 3295 220 3319 ¹*
231 3293 254 3340 A
267 3293 328 3352 good
335 3293 447 3362 ,instance
459 3293 486 3340 of
493 3294 534 3362 the
546 3292 689 3373 descriptiva
702 3291 826 3348 infinitiva.
857 3295 905 3364 §ee
920 3295 1001 3362 Grorn.
1011 3294 1024 3346 i
1036 3297 1087 3342 390.

187 3417 193 3426 ι
211 3356 221 3382 ⁸
231 3349 326 3436 ΙΝιιταζε,
334 3367 353 3399 rs
365 3357 371 3378 ‘
382 3361 406 3398 to
415 3367 482 3436 qrqve
491 3361 516 3399 to
525 3350 725 3459 iidefffgnl‘iffi
735 3368 765 3459 qq
765 3354 889 3459 1plqupomt
899 3354 1014 3460 offtalllmp
1021 3353 1095 3460 sppld

121 3507 124 3511 .
183 3421 448 3518 lddlcdlnlhenideurllb’nd
458 3425 600 3544 iliiirilllse
612 3446 744 3528 proicnted
755 3428 1018 3520 Alerdantiilserl'lswsdlrice
1034 3427 1096 3520 freni
