2438 3886
575 259 666 300 ursan
698 261 742 301 nr.
1053 247 1089 304 at

221 373 245 422 δ’.
265 367 357 422 Cultus
369 369 438 436 regis
455 368 524 421 inter
535 369 623 421 omnia
641 369 743 421 luxuria
760 369 904 422 notabatur.
941 370 1092 442 Purpureae

187 438 291 491 tunicae
315 436 435 490 medium
457 437 548 491 album
573 439 702 491 intextum
726 441 809 491 erat:¹
832 438 931 508 pallam
951 455 1015 492 auro
1039 441 1091 494 dis·

187 508 296 560 tinctam
313 507 386 558 aurei
405 505 551 576 accipitres,
570 507 643 559 velut
661 509 749 560 rostris
767 509 880 562 interea
898 520 1090 578 concurrerent,

185 575 363 628 adornabant:
392 585 420 628 et
448 592 514 628 zona
536 593 617 628 aurea
640 577 805 630 muliebriter
827 579 931 631 cinctus
954 580 1093 632 acinacem

186 645 378 714 suspenderat,²
395 645 437 698 cui
456 647 625 713 exgemma⁸
642 645 740 712 vagina
757 655 822 698 erat.
862 645 976 699 Cidarim
995 649 1092 701 Persae

185 715 315 768 vocabant
335 715 436 782 regium
456 715 552 784 capitis
571 715 688 782 insigne:
713 715 763 767 hoc
783 715 906 767 caerulea
929 715 1012 768 fascia
1031 717 1091 770 albo

186 783 308 837 distincta
339 783 503 836 circumibat.
550 784 661 836 Currum
695 783 791 836 decem
825 785 898 838 utilia
929 784 1091 848 hastatorum

185 853 380 922 sequebantur:
401 853 491 905 hastas
502 861 610 920 argento
621 862 767 921 exornatas,
781 853 882 923 spicula
894 871 957 906 auro
975 856 1092 923 praefixa

184 923 332 991 gestabant.
369 923 465 974 Dextra
479 921 617 989 'laevaque
642 924 731 990 regern
754 921 863 974 ducenti
882 923 968 976 ferme
987 925 1091 977 nobilis·

185 992 246 1044 simi
269 991 472 1061 propinquorum
495 991 696 1044 comitabantur.
743 991 844 1044 Horum
866 1009 962 1060 agmen
986 993 1091 1046 claude·

185 1061 262 1114 batur
273 1061 379 1128 triginta
397 1061 504 1114 milibus
516 1060 643 1130 peditum,
657 1077 723 1128 quos
740 1061 802 1129 equi
821 1061 891 1130 regis
908 1061 1090 1130 quadringenti

185 1130 371 1198 sequebantur.
418 1129 672 1184 Intervallodeiude
690 1129 768 1182 unius
785 1131 864 1182 stadii
882 1139 996 1182 matrem
1013 1131 1091 1187 Darei

184 1199 360 1269 Sisygambim
373 1215 463 1251 currus
478 1199 600 1268 vehebat,
614 1209 640 1250 et
658 1200 684 1251 in
702 1198 754 1252 alio
767 1208 822 1251 erat
834 1199 969 1268 conjunx.⁴
1003 1201 1091 1253 Turba

185 1267 344 1322 feminarum
371 1270 475 1336 reginas
497 1268 678 1320 comitantium
701 1270 778 1338 equis
800 1269 963 1322 vectabatur.
1010 1270 1091 1327 Quin-

184 1337 273 1390 decim
291 1337 395 1406 deinde,
417 1353 485 1406 quas
504 1353 671 1390 armamaxas
691 1338 878 1408 appellabant,⁶
902 1341 1089 1406 sequebantur.

184 1407 214 1460 ln
227 1408 267 1460 his
280 1417 353 1460 erant
366 1406 442 1460 liberi
462 1407 537 1475 regis,
551 1415 577 1457 et
595 1407 640 1474 qui
657 1407 807 1460 educabant
824 1423 877 1476 eos,
891 1407 1091 1477 spadonumque

184 1494 255 1546 grex,
277 1475 348 1530 haud
370 1493 434 1528 sane
455 1475 506 1526 illis
525 1475 649 1544 gentibus
668 1476 735 1529 vilis.
772 1477 840 1528 Tum
867 1477 956 1544 regiae
979 1477 1091 1545 pellices

183 1556 317 1598 trecentae
335 1546 472 1612 sexaginta
492 1545 660 1612 vehebantur,
681 1556 709 1596 et
725 1545 799 1614 ipsae
817 1545 909 1614 regali⁶
926 1545 998 1598 cultu
1017 1562 1090 1598 orna·
1145 1582 1150 1588 -

185 1623 274 1684 tuque.
311 1615 371 1668 Post
389 1631 456 1684 quas
474 1616 614 1683 pecuniam
629 1613 697 1682 regis
715 1616 833 1666 sexcenti
854 1613 918 1666 muli
936 1623 962 1667 et
981 1617 1090 1668 trecenti

182 1685 280 1737 cameli
298 1684 439 1752 vehebant,
453 1683 582 1752 praesidio
601 1683 792 1750 sagittariorum
809 1693 993 1753 prosequente.
1032 1685 1089 1737 Pro·

201 1754 340 1822 inquorum
364 1753 564 1820 amicorumque
591 1751 718 1822 conjuges
741 1753 802 1804 huic
825 1754 923 1820 agmini
946 1753 1088 1832 proximae,

183 1771 354 1891 lixarumque
370 1832 397 1874 et
420 1822 553 1874 calonum⁷
575 1837 670 1892 greges
694 1821 863 1874 vehebantur.
900 1821 992 1876 Ultimi
1016 1834 1089 1875 erant

183 1894 243 1944 oum
259 1892 314 1946 suis
325 1893 424 1960 quique
436 1889 566 1958 ducibus,⁸
574 1890 619 1958 qui
631 1901 755 1958 cogerent
766 1907 871 1958 agnem,
881 1889 974 1943 leviter
985 1893 1087 1944 armati.

183 1961 278 2014 Contra
298 1961 319 2013 si
340 1965 401 2030 quis
419 1960 507 2012 aciem
528 1958 707 2011 Macedonum
728 1953 879 2027 intueretur,
901 1959 990 2028 dispar
1008 1959 1090 2014 facies

183 2037 247 2099 erat,
261 2029 336 2098 equis
348 2029 462 2097 virisque
476 2045 524 2080 non
538 2043 607 2096 auro,
621 2045 672 2079 non
684 2027 804 2080 discolori
817 2037 899 2096 veste,
913 2029 959 2080 sed
973 2028 1040 2080 lerro
1051 2044 1088 2082 at-

182 2115 308 2168 quesere
321 2097 490 2167 fulgentibus.
528 2101 631 2163 hgrnen
646 2107 671 2148 et
684 2106 752 2149 stare
760 2106 885 2166 paratum
902 2106 929 2150 et
942 2100 1025 2168 sequi,
1040 2116 1089 2151 nec

182 2168 259 2221 turba
271 2185 320 2220 neo
335 2167 444 2220 sarcinis
455 2183 606 2237 praegrave,
621 2166 750 2218 intentum
768 2168 803 2219 ad
821 2167 897 2220 ducis
914 2183 964 2220 nun
984 2167 1087 2236 signum

182 2239 268 2304 modo,
282 2236 425 2290 sedetiam
442 2246 545 2289 nutum.
583 2235 616 2288 Et
635 2237 728 2288 castris
745 2235 826 2305 locus,
839 2245 866 2289 et
878 2237 1005 2290 exercitui
1018 2253 1088 2290 com-

182 2305 479 2376 meatussuppetebant.
507 2307 575 2372 Ergo
584 2305 733 2357 Alexandro
742 2305 768 2358 in
777 2305 834 2357 acie
843 2305 920 2358 miles
928 2323 977 2358 non
985 2305 1086 2359 defuit:

182 2376 290 2444 Dareus,
304 2385 391 2428 tantae
402 2374 639 2442 multitudinisrex,
650 2374 708 2440 loci,
716 2374 742 2427 in
754 2391 807 2444 quo
819 2375 952 2444 pugnavit,
962 2377 1088 2442 augustiis

181 2446 303 2498 redactus
315 2454 355 2498 est
367 2444 400 2496 ad
414 2444 583 2514 paucitatem,
596 2460 677 2512 quam
690 2444 716 2496 in
729 2443 804 2496 hoste
816 2449 1019 2512 contempserat.

216 2519 241 2567 9.
261 2515 365 2568 luteres
377 2511 535 2580 Alexander,
549 2512 724 2568 Abietamen'e
736 2513 919 2582 Cappadociae
931 2515 1086 2582 praeposito,

181 2667 261 2716 which
270 2683 309 2715 are
319 2663 473 2714 the'seathers
482 2665 534 2712 that
543 2665 616 2713 abird
624 2664 668 2714 has
676 2664 713 2714 fot
721 2665 831 2713 wannth.
850 2663 1005 2712 'Sometimes
1010 2669 1088 2726 pinno

180 2723 664 2842 mla‘n‘l'lllewttldlctleaeglhlhrlrpllglluith
673 2779 746 2830 white
757 2781 844 2840 stripes
855 2781 880 2830 in
890 2779 931 2829 the
942 2781 1047 2850 middle.¹

208 2843 321 2903 'Supply
332 2861 359 2890 ec
375 2859 400 2890 eo
416 2860 483 2898 aona,
496 2858 523 2890 or
538 2851 618 2900 repeat
635 2841 751 2909 mentally
761 2841 802 2888 the
818 2855 884 2888 same
900 2840 1020 2890 ablaturo:
1040 2841 1086 2889 ‘he

179 2903 270 2950 carried
281 2919 295 2950 a
305 2902 412 2950 scimitar
421 2901 557 2960 suspended
567 2899 627 2948 from
638 2898 676 2947 lus
687 2899 780 2960 grrdle?

194 2966 217 3029 ν’
228 2961 344 3010 Preoious
360 2971 443 3014 stenes
455 2969 495 3028 ,set
511 2960 576 3007 close
588 2969 613 3006 to
624 2974 671 3006 one
685 2959 785 3006 another
795 2973 852 3064 msp
862 2958 892 3006 be
903 2958 954 3007 said
965 2967 991 3008 to
1002 2958 1062 3006 form
1073 2974 1088 3007 a

179 3019 256 3105 srqgle
268 3035 341 3091 mass.
374 3019 429 3066 The
440 3019 547 3090 singular
557 3033 684 3124 etpreszses
696 3017 736 3122 the
745 3031 835 3127 pqqera
855 3019 992 3066 substance.

209 3144 217 3166 ¹
227 3079 634 3192 fimmnddd‘effndrclllyrhhlhouagea
644 3091 772 3194 pllllllnr
782 3111 841 3182 kind
851 3133 879 3182 of
890 3134 955 3182 close
971 3135 1085 3242 carrisqe.

199 3201 216 3263 Ι·
227 3195 328 3257 Regina,
341 3195 594 3300 Wh³²·b⁶¹⁰nf⁵htss„⁸
608 3194 681 3257 king5
699 3194 795 3256 regalia,
808 3193 874 3241 what
890 3193 910 3242 is
927 3193 1048 3254 worthyo
1072 3209 1086 3242 a

179 3254 524 3372 kmgiippeaqppfqelqrngqleap
531 3289 589 3358 who
597 3311 678 3359 follow
689 3325 719 3358 an
734 3324 803 3372 army
813 3309 838 3379 in
853 3310 947 3370 pnrsuit
962 3308 991 3357 ol
1001 3310 1083 3368 tradar

178 3372 283 3434 pedisse,
300 3371 415 3428 suttlers;
432 3375 521 3420 odones
539 3386 578 3418 are
595 3371 674 3418 slaves
691 3371 754 3428 who,
772 3369 925 3430 particularly
941 3381 1029 3430 among
1043 3367 1085 3418 the

178 3429 701 3550 oaqqlqprv,eqtyteppdnqopqqqpegqugpqeadm',
