2314 3886
479 289 570 330 ursan
590 287 652 330 vm.
952 267 1022 326 Μ’

106 405 134 452 et
152 398 319 468 tempestiro¹
337 397 477 451 adhibetur
495 399 625 452 convivio.
660 399 690 452 Ιιι
710 413 762 468 quo
783 415 828 452 rex
846 413 908 450 cum
927 395 1010 450 multo

107 467 260 520 incaluisset
272 484 352 536 mero,
369 467 527 520 immodicus
544 468 696 520 aestimator
713 467 772 535 sui,²
790 467 923 520 celebrare
942 482 1010 535 quae

105 546 223 606 gesserat
241 536 335 605 eoepit,
353 538 439 604 gravis
458 537 536 589 etiam
557 554 645 589 eorum
665 536 779 604 auribus,
797 536 844 606 qui
863 537 1011 589 sentiebant

105 623 168 658 vera
188 606 336 659 memorari.
373 605 510 658 Silentium
533 615 620 658 tamen
642 605 758 658 habuere
782 605 904 672 seniores,
925 605 1010 657 donec

106 674 220 744 Philippi
234 693 274 728 res
285 691 359 727 orsus
370 675 508 744 obterere,³
519 675 635 728 nobilem
654 675 724 744 apud
736 674 917 727 Chaeroneam
929 675 1010 726 ricto·

106 745 170 798 riam
184 745 223 796 sui
235 744 323 814 operis
334 743 414 796 luisse
426 743 542 814 jactavit,
555 744 762 813 ademptamque
774 744 823 796 sibi
837 743 1011 810 malignitate⁴

105 823 131 865 et
144 813 244 866 invidia
257 813 336 883 patris
348 821 436 864 tantae
449 813 486 865 rei
501 813 618 881 gloriam.
655 813 733 867 Illum
751 812 868 882 quidem,
881 811 1009 864 seditione

105 881 173 933 inter
190 881 354 935 Macedones
371 881 471 935 milites
489 893 514 935 et
527 884 642 935 Graecos
654 882 829 935 mercenarios
840 891 905 951 orta,
918 879 1010 933 debili·

105 959 189 1003 tatum
202 951 319 1021 vulnere,
332 951 401 1019 quod
415 951 440 1004 in
453 967 485 1003 ea
498 952 705 1005 consternatione
724 959 870 1020 acceperat,
885 949 1008 1019 jacuisse,

104 1036 155 1072 non
169 1017 243 1072 alias⁵
254 1036 335 1088 quam
348 1019 513 1073 simulatione
531 1021 623 1073 mortis
642 1022 778 1073 tutiorem:
798 1037 827 1072 se
845 1035 939 1088 corpus
949 1017 1010 1098 ejus

7 1083 8 1140 ζ
104 1090 250 1158 protexisse
263 1089 347 1158 clipeo
361 1104 415 1157 suo,
429 1101 596 1170 ruentesque·
606 1091 630 1142 in
650 1089 726 1142 illum
744 1105 792 1142 sua
808 1105 888 1142 manu
900 1104 1008 1148 occisos.

104 1157 179 1216 Quae
228 1166 295 1210 trem
308 1175 442 1228 nunquam
457 1175 541 1227 aequo
553 1177 642 1212 ammo
654 1175 713 1212 esse
726 1158 883 1228 confessum,
897 1157 1009 1209 invitum

103 1225 159 1279 filio
202 1227 326 1281 abentem
350 1227 462 1280 salutem
487 1245 572 1280 suam.
608 1229 780 1308 ltaquelpost
804 1226 1008 1304 expeditionem,

7 1341 8 1352 ,
103 1311 185 1366 quam
204 1297 261 1349 sine
279 1312 310 1348 eo
329 1296 435 1349 lecisset
452 1297 509 1366 ipse
527 1297 552 1349 in
567 1297 677 1367 Illyrios,
691 1305 817 1349 victorem
830 1295 967 1365 scripsisse
979 1311 1009 1348 se

7 1413 8 1418 ,
102 1366 179 1486 patri,
190 1364 262 1418 lusos
274 1363 428 1435 fugatosque
441 1365 536 1436 hostes,
548 1385 597 1419 neo
608 1367 716 1419 affuisse
726 1383 836 1434 usquam
847 1365 1008 1434 Philippum.

126 1435 195 1487 aude
215 1435 308 1504 dignos
328 1452 395 1504 esse,
416 1453 466 1488 non
486 1437 531 1504 qni
555 1436 755 1490 Samothracum
779 1435 854 1487 initia
874 1432 1009 1502 viserent,⁸

7 1555 8 1562 ,
103 1519 166 1556 cum
179 1504 270 1556 Asiam
284 1504 322 1558 uri
335 1503 483 1574 vastarique
496 1515 633 1575 oporteret,
647 1505 694 1558 sed
707 1521 759 1574 eos,
769 1504 815 1573 qui
826 1503 1009 1571 magnitudino

7 1623 8 1632 ,
103 1589 189 1624 rerum
203 1572 283 1627 fidem
297 1574 509 1626 antecessissent.

137 1646 161 1694 4.
181 1641 254 1694 Haec
267 1651 293 1696 et
305 1642 346 1695 his
357 1642 453 1696 similia
471 1642 533 1694 laeti
551 1643 659 1695 audiere
677 1641 798 1711 juvenes,
812 1641 912 1708 ingrata
924 1641 1009 1692 senio-

102 1709 174 1762 ribus
197 1720 280 1780 erant,
304 1712 421 1764 maxime
449 1721 553 1780 propter
578 1711 737 1780 Philippum,
763 1710 813 1762 sub
835 1726 888 1778 quo
910 1709 1009 1762 diutius

101 1777 236 1848 vixerant,
254 1798 316 1833 cnm
334 1781 424 1848 Clitus,
444 1798 477 1831 ne
495 1779 679 1850 ipse.quidem
697 1780 761 1832 satis
778 1779 887 1845 sobrius,
903 1776 938 1829 ad
953 1795 1007 1848 eos,

101 1849 148 1917 qui
167 1848 235 1900 infra
255 1849 352 1918 ipsum⁷
368 1848 509 1915 cubabant,
528 1847 678 1916 conversus,
698 1847 831 1916 Euripidis
843 1846 941 1900 rettulit
953 1863 1008 1899 car·

100 1918 185 1986 men,8
196 1917 232 1968 ita
244 1927 273 1970 ut
285 1934 364 1969 sonus
376 1917 467 1984 magis,
481 1934 561 1996 quam
575 1934 660 1970 sermo
672 1916 790 1969 exaudiri
808 1925 895 1986 posset
908 1933 923 1966 a
936 1932 1006 1986 rege,

100 1999 154 2054 quo
174 1985 379 2054 significabatur,
400 1985 471 2038 male
492 1987 635 2038 instituisse
658 1987 781 2054 Graecos,
802 1984 870 2054 quod
894 1984 1008 2052 tropaeis

101 2069 196 2121 regum
214 2055 350 2107 dumtaxat
368 2055 473 2107 nomina
491 2054 676 2107 inscriberent:
695 2053 781 2108 alieno
793 2053 865 2106 enim
880 2054 1007 2122 sanguine

101 2131 206 2192 partam
234 2123 344 2192 gloriam
375 2123 501 2194 intercipi.
548 2124 640 2192 Itaque
663 2141 716 2193 rex,
741 2139 802 2175 cum
831 2123 1008 2192 suspicaretur

101 2190 245 2260 malignius
273 2190 394 2253 habitum
424 2209 483 2245 esse
513 2209 670 2262 sermonem,
700 2193 846 2263 percontari
875 2191 1008 2261 proximos

131 2332 139 2354 ¹
153 2325 257 2374 ‘Which
270 2327 346 2390 began
356 2327 478 2382 betimes‚'
492 2327 573 2376 before
586 2328 626 2376 the
638 2328 707 2376 usual
717 2327 882 2377 dionei-honr.

130 2384 233 2433 ’‘Who
243 2385 330 2434 valued
341 2385 441 2434 himself
449 2397 473 2434 at
484 2403 515 2434 an
525 2395 680 2448 extravagant
692 2387 761 2444 rate,’
774 2399 816 2448 put
827 2387 863 2436 lar
873 2398 914 2436 too
924 2387 982 2448 high
992 2403 1007 2436 a

101 2443 172 2550 volu&
184 2444 330 2551 hivilidtii
339 2445 458 2551 dividiae
491 2509 530 2552 ‘to
540 2504 570 2552 de
586 2505 693 2553 reeiate’

128 2567 139 2630 ξ
152 2519 197 2610 ‘Ill
208 2562 257 2609 will
266 2563 282 2619 3¹
300 2563 406 2630 opposed
422 2573 447 2610 to
458 2519 603 2624 ilmigoddn
616 2564 658 2612 the
669 2540 810 2624 disposition
819 2563 848 2612 ol
859 2579 939 2612 aman
949 2564 1006 2614 wlro

101 2621 192 2670 wishes
203 2632 336 2681 prosperrty
347 2631 372 2669 to
382 2622 471 2670 others.

131 2680 220 2728 ’Alios
236 2680 279 2728 has
295 2680 351 2728 here
368 2679 408 2728 the
420 2679 488 2729 usual
500 2693 571 2728 sense
582 2680 610 2728 ol
621 2683 670 2729 olio
681 2699 713 2738 re,
726 2681 805 2730 which
816 2680 918 2741 perhaps
929 2681 1005 2742 ought
1068 2701 1071 2716 ·

101 2747 127 2786 to
137 2739 168 2786 be
179 2739 219 2786 the
230 2738 311 2786 readin
330 2774 335 2786 .

130 2795 232 2845 ⁸‘Who
243 2754 348 2844 wentgto
363 2811 404 2845 see
420 2797 461 2844 the
478 2807 554 2845 secret
570 2797 628 2846 rites
641 2797 669 2845 ol
680 2797 721 2846 the
733 2797 943 2846 Samothraciam!
975 2799 1005 2848 In

101 2853 143 2902 the
154 2855 243 2903 islanda
254 2855 282 2904 ol
290 2856 404 2912 Lemnos,
417 2855 520 2912 Imbros,
533 2855 578 2904 and
591 2856 754 2912 Samothrace,
764 2857 831 2906 there
842 2857 962 2916 prerailed
973 2873 1005 2908 art

101 2914 197 2982 ancient
208 2915 352 2974 mysterious
361 2915 475 2973 worship,
487 2914 515 2962 os
523 2915 601 2962 which
613 2915 697 2963 deities
708 2915 786 2965 called
795 2916 876 2964 Cabiri
888 2932 951 2966 were
963 2919 1004 2967 the

100 2973 202 3040 obJeets.
229 2973 267 3020 As
278 2973 335 3041 only
345 2973 452 3022 initiated
462 2989 562 3042 persons
573 2988 637 3022 were
648 2974 765 3025 admitted
775 2984 800 3023 to
810 2975 909 3044 partalre
920 2977 945 3048 in
955 2977 1004 3048 this

102 3030 1004 3160 hhllrtlntttthtztalti„htitfi‘htttahltttr:tta

101 3155 127 3196 to
137 3147 198 3195 have
208 3147 255 3195 had
266 3163 338 3208 many
348 3148 468 3199 followers
477 3166 501 3198 ιιι
512 3149 661 3198 Macedonia.

130 3210 138 3232 ¹
150 3211 157 3232 ⁴
167 3206 206 3253 On
217 3205 255 3255 his
266 3207 328 3267 right
339 3208 402 3256 hand
410 3209 426 3266 ;'
438 3208 475 3258 lor
489 3209 529 3257 the
542 3211 660 3265 sanciente,
672 3208 744 3258 when
759 3220 783 3258 at
800 3211 885 3267 meals,
897 3211 1004 3260 reclined

99 3279 132 3314 on
147 3263 188 3334 the
199 3264 241 3334 leit
257 3280 322 3323 arm;
345 3267 390 3316 aad
406 3269 588 3336 consequenda
601 3268 672 3316 when
687 3285 734 3329 any
750 3285 795 3318 one
810 3269 902 3318 wished
918 3279 943 3317 to
958 3285 986 3318 sa

99 3323 217 3384 anythrug
233 3339 256 3372 m
267 3339 281 3371 a
291 3323 339 3372 low
349 3333 405 3372 tona
416 3335 442 3374 to
452 3326 490 3375 hrs
501 3328 634 3388 neighbour
644 3343 675 3374 on
686 3327 727 3376 the
739 3325 790 3385 left,
803 3329 833 3376 he
844 3328 890 3376 had
902 3338 928 3376 to
938 3285 1003 3378 bend

99 3381 175 3432 round
186 3381 360 3490 considerahlp,
370 3381 479 3434 whereas
489 3385 520 3435 he
530 3385 601 3435 could
612 3385 688 3446 spealr
698 3386 800 3448 direetly
808 3387 857 3436 into
868 3387 909 3435 the
919 3401 961 3436 aar
971 3386 1000 3436 of

98 3441 382 3566 t¹¹⁸⁹lo'ioeniIllidmtriiged'y
392 3501 420 3552 of
431 3503 610 3564 Andromacha,
621 3503 669 3554 line
680 3506 733 3556 693.
