2438 3886
536 237 627 276 arnan
648 237 686 278 tv.
790 257 794 269 ·
1023 221 1057 276 dl

157 343 245 414 nebat,
255 353 327 398 tanta
336 345 360 398 ti
374 345 409 398 ltu
430 343 488 396 ulsa
499 356 547 412 est,
557 351 585 396 ut
593 344 690 412 Tyrius
700 343 857 412 gubernator
865 345 889 396 iu
901 361 972 396 mere
982 361 1061 398 exeu-

158 421 255 466 teretur
267 433 282 465 e
294 415 383 484 puppi.
411 362 506 468 l'lures
519 412 614 466 deinde
627 413 806 464 Macedonum
816 430 897 466 naves
909 414 1060 481 superveni·

158 494 212 550 unt,
226 492 252 534 et
266 501 310 534 rex
322 501 427 552 quoque
439 484 545 534 aderat:
567 500 627 534 curn
641 482 714 550 Tyrii
727 482 877 534 inhibentes
890 485 970 536 remis
982 501 1060 552 aegre

158 551 1060 620 evellerenavem,quaehaerebat,portumqueomniasinrulnavigia

158 630 286 690 repetunt.
322 622 466 673 Confestim
478 639 523 673 rex
534 621 666 672 insecutus
677 629 777 686 portum
787 621 893 687 quidem
906 621 999 673 intrare
1009 640 1059 674 non

158 690 249 759 potuit,
263 708 325 742 cum
345 689 431 758 procul
454 707 468 739 e
489 690 570 742 muris
589 689 732 741 missilibus
750 702 966 759 summoveretur,
981 707 1061 744 naves

158 770 247 812 autern
260 777 352 811 ornnes
365 759 420 810 fere
432 769 476 810 aut
490 759 624 825 demersit,
637 767 683 810 aut
696 758 775 825 cepit.
986 762 990 766 ’

196 834 234 880 tu.
254 829 336 880 Biduo
348 827 444 878 deinde
462 827 496 879 ad
515 829 632 897 quietem
653 829 714 880 dato
734 825 869 892 militibus
882 826 1015 896 jussisque
1034 838 1059 882 et

158 896 272 948 classem
290 906 316 948 et
334 896 471 948 machinas
491 897 584 964 pariter
604 897 753 962 admovere,
773 905 801 948 ut
825 896 941 964 undique
966 899 1062 950 territis

159 966 274 1034 instaret,
289 967 343 1034 ipse
363 967 388 1018 in
406 965 563 1018 altissimam
584 975 678 1018 turrem
697 965 826 1032 ascendit,
847 966 945 1032 ingenti
962 967 1060 1036 animo,

159 1035 274 1103 periculo
287 1035 394 1103 majore.
430 1034 533 1103 Quippe
553 1035 622 1101 regio
641 1035 735 1101 insigni
753 1044 779 1087 et
798 1035 880 1086 armis
898 1035 1062 1102 fulgentibus

158 1106 321 1172 conspicuus,
337 1121 404 1155 unus
415 1105 554 1172 praecipue
567 1104 626 1156 telis
637 1104 783 1172 petebatur.
820 1105 854 1156 Et
866 1104 946 1171 digna
957 1121 1062 1173 prorsus

158 1174 309 1241 spectaculo
327 1173 424 1224 edidit:
444 1173 542 1226 multos
560 1191 574 1222 e
593 1173 674 1224 muris
686 1184 880 1241 propugnantes
892 1172 967 1230 hasta
980 1184 1061 1226 trans-

158 1241 224 1311 fixit,
243 1242 368 1310 quosdam
389 1243 469 1299 etiam
489 1243 638 1294 comminus
655 1241 743 1310 gladio
761 1242 908 1312 clypeoque
933 1243 1062 1311 impulsos

159 1311 346 1379 praecipitavit,
367 1315 464 1380 quippe
490 1312 571 1378 turris,
594 1327 627 1362 ert
651 1327 703 1379 qua
727 1312 877 1379 dimicabat,
897 1313 978 1366 muris
1002 1312 1061 1366 hue·

159 1381 225 1432 tium
252 1381 441 1449 propemodum
467 1381 633 1432 cohaerebat.
669 1381 728 1434 Jarn
751 1399 783 1432 ne
810 1381 908 1434 crebris
934 1383 1062 1437 arietibus

159 1466 278 1502 saxorum
297 1467 425 1518 compage
444 1449 531 1501 laxata
551 1449 716 1502 munimenta
731 1399 905 1516 deiecerant,¹
924 1461 949 1502 et
969 1452 1062 1505 classis

159 1519 298 1572 intraverat
317 1529 428 1588 portum,
443 1529 468 1570 et
486 1517 593 1587 quidam
613 1518 792 1572 Macedonum
811 1520 835 1572 in
850 1532 932 1572 turres
945 1520 1061 1574 hostium

158 1589 278 1642 desertas
304 1598 457 1642 evaserant:
484 1605 544 1642 curn
567 1588 647 1657 Tyrii,
667 1596 704 1640 tot
728 1588 804 1640 simul
828 1590 906 1642 malis
925 1591 995 1658 vicli,
1014 1590 1061 1644 alii

160 1657 292 1726 supplices
304 1659 328 1710 in
344 1658 443 1728 templa
456 1657 616 1725 confugiunt,
630 1657 674 1720 alii
693 1657 791 1709 loribus
808 1658 915 1712 aedium
934 1659 1063 1713 obseratis

159 1737 286 1796 occupant
317 1727 431 1781 liberum
463 1728 553 1780 mortis
584 1728 741 1794 arbitrium,²
772 1727 888 1780 nonnulli
923 1741 1000 1782 ruunt
1035 1729 1061 1782 in

159 1796 269 1863 hostem,
295 1795 365 1849 haud
388 1796 464 1849 inulti
488 1805 576 1850 tamen
602 1797 729 1866 perituri,³
752 1813 849 1863 magna
872 1814 933 1866 pars
956 1814 1063 1852 summa

159 1867 298 1917 tectorum⁴
309 1865 451 1934 obtinebat,
466 1883 529 1917 saxa
541 1875 567 1918 et
582 1865 709 1936 quicquid
731 1866 782 1918 sors
802 1867 926 1918 manibus
943 1867 1060 1936 dederat,

158 1934 307 2000 ingerentes
324 1934 505 1987 subeuntibus.
541 1935 698 2002 Alexander,
718 1936 836 2002 exceptis
853 1936 898 2003 qui
918 1936 942 1987 in
963 1937 1063 2005 templa

158 2001 336 2069 confugerant,
360 2021 453 2056 ornnes
476 2003 595 2070 interfici,
616 2003 759 2070 ignemque
783 2004 860 2056 tectis
882 2003 954 2074 injici
977 2003 1061 2073 jubet.

160 2071 207 2124 llis
227 2089 273 2138 per
294 2089 437 2140 praecones
448 2073 627 2144 pronuntiatis
641 2089 719 2124 nemo
739 2083 827 2124 tamen
847 2085 964 2126 armatus
983 2091 1063 2144 opem

158 2140 244 2198 ediis
262 2150 352 2209 petere
371 2143 520 2194 susth·ruit:⁵
539 2143 612 2212 pueri
633 2141 798 2210 virginesque
824 2143 923 2211 templa
946 2143 1062 2213 comple-

159 2218 258 2277 verant,
280 2211 329 2262 viri
348 2210 372 2262 in
392 2211 521 2264 vestibulo
547 2230 652 2265 suarum
678 2212 790 2280 quisque
815 2211 922 2266 aedium
948 2214 1061 2283 stabant,

158 2289 248 2348 parata
262 2279 440 2335 saevientibus
452 2280 535 2332 turba.
572 2281 666 2334 Multis
678 2291 765 2334 tamen
780 2280 857 2332 saluti
868 2281 941 2334 luere
955 2281 1060 2349 Sidonii,

158 2349 202 2416 qui
224 2349 289 2400 intra
309 2349 487 2402 Macedonum
508 2349 648 2418 praesidie⁶
668 2360 749 2402 erant,
786 2351 818 2402 Hi
839 2351 930 2404 urbem
954 2351 1062 2420 quidem

159 2417 225 2468 inter
244 2418 356 2470 victores
380 2419 546 2486 intraverant,
565 2419 612 2471 sed
636 2419 797 2486 cognationis
820 2437 881 2472 cum
901 2419 988 2489 Tyriis
1006 2439 1061 2476 nte·

158 2503 245 2538 mores
257 2487 366 2556 (quippe
379 2497 518 2556 utramque
535 2487 628 2540 urbem
641 2490 790 2556 Agenorem
803 2488 953 2542 condidisse
971 2490 1062 2543 crede-

157 2554 240 2626 bant),
255 2555 351 2608 multos
362 2556 507 2625 Tyriorum,
518 2558 597 2610 etiam
611 2559 797 2626 protegentes,⁷
808 2557 842 2609 ad
855 2574 903 2609 sua
915 2560 1062 2626 perduxere

185 2663 447 2770 li'llliiegbielbrilieytiil
459 2737 473 2770 a
483 2723 531 2772 free
543 2725 625 2772 choise
639 2723 668 2771 ol
680 2723 837 2792 themanner
852 2722 881 2770 ol
892 2722 956 2772 their
970 2725 1059 2776 death!

139 2865 144 2874 ,
157 2781 419 2900 qghgpsrdinopplqpqqeyip
435 2787 474 2830 ‘tu
486 2783 542 2830 take
553 2797 579 2830 or
589 2783 619 2832 do
629 2782 767 2842 something
775 2781 855 2830 before
865 2782 1002 2847 something
1012 2787 1062 2836 else

186 2899 247 2945 ’‘ln
266 2899 336 2947 order
354 2900 415 2954 thet,
436 2898 474 2947 die
493 2899 583 2960 though
599 2900 657 2959 they
673 2899 770 2954 should,
788 2901 847 2961 they
862 2903 939 2963 might
955 2903 1005 2951 still
1021 2916 1061 2953 not

157 2957 238 3016 perieh
254 2957 424 3019 unrevenged.'

186 3021 194 3043 ⁴
205 3015 323 3077 Ordinery
335 3017 442 3076 Latinity
453 3016 532 3064 would
549 3017 609 3064 heve
625 3019 695 3077 giren
706 3035 795 3066 eamme
806 3029 872 3068 terte.
904 3019 951 3068 See
963 3021 1060 3080 Zumpt,

158 3075 299 3203 li3‘5ilould
314 3149 441 3182 overcome
453 3133 491 3181 his
502 3134 567 3194 pride
579 3104 684 3204 andlear
694 3136 723 3184 os
734 3136 819 3184 shame
829 3100 857 3184 so
868 3137 903 3185 t'er
913 3153 940 3186 as
956 3139 999 3194 to,’
1013 3138 1061 3186 dcc.

158 3191 514 3311 Sqefppleiqqpptfflplrpqsqe'ufly
523 3195 893 3304 libebllilignMitcedonians!
908 3255 981 3302 -The
999 3235 1071 3304 mm,

179 3311 314 3364 meridiam,
327 3312 437 3371 properly
449 3311 579 3372 belonging
593 3322 619 3360 to
634 3311 675 3359 the
692 3315 808 3372 positione
819 3313 847 3362 of
859 3329 873 3362 a
885 3313 939 3362 land
950 3329 1026 3373 army,
1040 3314 1059 3363 is

158 3327 214 3416 iera
225 3367 319 3426 applied
331 3379 356 3415 to
367 3369 454 3416 efleet.

186 3432 194 3454 ¹
204 3426 275 3485 They
285 3436 325 3474 not
337 3427 428 3486 merely
437 3428 475 3476 led
484 3429 551 3476 thern
559 3444 638 3488 away,
648 3431 690 3477 but
701 3431 753 3478 eleo
763 3431 880 3481 defended
890 3431 966 3487 them,
978 3431 1059 3480 when·

157 3501 214 3534 ever
224 3502 239 3535 a
249 3485 409 3534 Macedonian
419 3486 508 3535 soldier
518 3488 650 3547 attempted
661 3498 687 3536 to
698 3489 742 3536 lrill
753 3489 828 3538 them.
