2264 3880
454 227 545 270 arasa
565 231 595 270 x.
918 213 975 270 317

60 335 254 391 Macedonum
276 337 390 407 imperet
417 337 498 406 genti,
523 338 644 392 Roxanes
665 337 709 390 vel
732 337 858 392 Barsinae
887 336 973 392 filius!

62 407 149 477 cujus
172 423 269 461 nornen
292 423 397 477 quoque
421 408 555 476 Europam
577 408 667 460 dicere
690 407 796 477 pigebit,
820 407 919 476 majore
942 423 977 460 ex

61 485 145 546 parte
170 479 276 546 captivi.
314 478 361 530 Est
384 493 431 530 cur
454 477 549 530 Persas
568 477 718 542 vicerimus,
738 487 765 528 ut
789 477 862 546 stirpi
885 493 976 530 eorum

63 547 219 600 serviamus
228 546 247 600 p
264 545 335 616 quod
348 546 410 616 justi
424 546 461 598 illi
474 563 550 614 reges
563 547 663 600 Dareus
674 554 700 598 et
712 547 812 599 Xerxes
825 555 860 598 tot
872 546 977 600 milium

62 616 223 684 agminibus
235 618 367 686 tantisque
379 616 508 668 classibus
525 616 703 685 nequicquam
721 615 876 684 petiverunt.
912 616 978 668 Mea

65 687 203 739 sentemia
223 685 290 739 haec
309 694 357 752 est,
378 694 406 738 ut
429 685 493 737 sede
513 684 658 738 Alexandri
682 685 708 737 in
727 683 800 752 regia
820 685 911 754 posita,
930 683 978 753 qui

64 754 187 806 consiliis
210 755 268 824 ejus
290 754 491 822 adhibebantur,
516 759 616 822 coeant,
641 753 764 832 quotiens
785 754 811 806 in
835 769 977 806 commune

66 824 201 876 transulta²
212 841 278 894 opus
290 823 383 876 fuerit:
403 839 496 892 eoque,
514 824 583 893 quod
602 841 686 892 major
703 839 763 892 pars
780 839 870 875 eorem
887 822 978 876 decre·

66 893 146 961 verit,
160 895 261 960 stetur,8
272 894 355 946 duces
367 893 547 962 praefectique
560 893 693 961 copiarum
709 893 751 946 his
802 899 884 944 reant.
920 891 978 944 Pto·

67 961 177 1014 lamaec
196 963 311 1032 quidam,
333 963 472 1030 pauciores
492 961 633 1016 Perdiccae
653 961 768 1014 essentie
788 970 872 1014 antur.
909 961 978 1016 Tum

67 1030 210 1084 Aristonus
224 1048 298 1084 orsus
312 1041 353 1084 est
367 1031 464 1100 dicere,
478 1031 659 1084 Alexandrum
674 1030 832 1100 consultum,
845 1030 889 1082 cui
902 1029 978 1082 reliu-

67 1109 165 1168 queret
177 1117 296 1170 regnum,
309 1101 423 1154 voluisse
441 1101 573 1169 optimum
590 1100 680 1168 deligi.
715 1100 867 1154 Judicatum
885 1107 978 1152 autem

67 1168 105 1222 ab
117 1170 176 1238 ipso
187 1172 315 1240 optimum
329 1171 490 1238 Perdiccam,
504 1171 545 1222 cui
563 1170 673 1222 anulum
689 1170 847 1222 tradidisset.
876 1170 978 1238 Neque

68 1239 144 1291 enim
167 1255 250 1292 uuum
273 1257 334 1293 eam
358 1239 491 1292 assedisse
516 1240 644 1310 morienti,
669 1239 716 1292 sed
746 1237 978 1292 circumferentem

68 1308 162 1360 oculos
181 1325 215 1362 ex
232 1310 308 1362 turba
325 1309 469 1361 amicorum
489 1307 629 1376 delegisse,
649 1311 692 1362 cni
713 1308 833 1361 traderet.
870 1307 979 1360 Placere

69 1376 157 1444 igitur,
172 1395 305 1430 summam
324 1379 426 1447 imperii
442 1378 477 1430 ad
496 1379 648 1432 Perdiccam
660 1377 769 1430 deferri.
804 1379 863 1431 Nec
875 1377 978 1430 dubita·
1056 1395 1057 1404 ¹

69 1461 141 1515 vere,
154 1449 218 1516 quin
233 1465 294 1500 vera
306 1455 436 1500 censeret.
472 1448 565 1516 Itaque
583 1448 699 1502 universi
716 1446 858 1516 procedere
877 1447 904 1499 iu
921 1461 978 1500 me·

69 1515 146 1570 dium
159 1517 314 1570 Perdiccam
326 1526 352 1568 et
365 1518 435 1584 regis
446 1517 555 1570 anulum
568 1517 659 1569 tollere
672 1515 809 1586 jubebant.
845 1517 979 1569 Haerebat

70 1583 138 1637 iuter
150 1587 325 1655 cupiditatem
337 1586 525 1656 pudoremque,
539 1594 566 1637 et
579 1603 630 1654 que
642 1585 789 1638 modestius
801 1585 870 1654 quod
883 1601 978 1654 expec-

70 1654 143 1707 tabat
155 1665 300 1724 appeteret,
314 1655 479 1725 pervicacius
490 1654 623 1707 ablaturos
635 1667 694 1707 esse
707 1653 851 1708 credebat,⁴
886 1649 979 1722 ltaque

70 1733 216 1794 cunctatus,
235 1725 335 1794 diuque
355 1724 418 1792 quid
438 1732 528 1792 ageret
548 1723 671 1790 incertus,
690 1721 724 1774 ad
744 1721 978 1794 ultimumtamen

70 1793 189 1861 recessit,
203 1803 230 1846 et
243 1805 299 1863 post
311 1810 365 1862 eos,
379 1793 425 1861 qui
437 1793 559 1844 sederant
571 1791 691 1861 proximi,
704 1791 828 1844 constitit.
880 1793 881 1796 ’

107 1865 147 1914 21.
167 1866 202 1914 At
214 1864 360 1930 Meleager,
373 1878 443 1914 unus
454 1879 469 1913 e
482 1861 601 1928 ducibus,
615 1861 768 1914 confirmato
785 1860 881 1928 animo,
897 1875 979 1928 quem

72 1931 215 1983 Perdiccae
227 1932 358 1984 cunctatio
370 1939 497 2000 erexerat,
510 1932 536 1984 N
538 1948 569 1982 ec
580 1931 616 1983 dii
630 1931 740 1997 sierint,⁶
751 1930 844 1999 inquit,
859 1937 887 1982 ut
899 1929 979 1982 Alex·

71 1998 146 2052 andri
160 2000 262 2053 fortuna
275 2002 391 2070 tantique
404 2000 477 2068 regui
489 1999 622 2068 fastigium
640 2001 667 2052 in
684 1999 747 2052 istos
758 1999 891 2067 humeros,
905 2005 978 2052 ruat:

73 2067 195 2122 homines
207 2080 278 2123 certe
291 2085 342 2122 non
354 2069 447 2122 ferent.
483 2069 557 2122 Nihil
575 2069 633 2122 dico
652 2069 686 2122 de
703 2067 883 2122 nobilioribus⁸
898 2083 980 2146 qnam

73 2133 117 2191 hic
129 2147 177 2209 est,
191 2140 238 2192 sed
256 2139 290 2192 de
303 2139 365 2192 viris
383 2147 493 2207 tautum,
512 2138 608 2207 quibus
625 2137 714 2194 invitis
731 2137 797 2190 nihil
814 2145 916 2208 perpetr
933 2153 978 2190 ue·

73 2223 148 2260 cesse
167 2212 228 2262 est.⁷
261 2210 320 2262 Neo
340 2223 402 2260 vero
425 2208 541 2277 interest,
562 2209 682 2262 Roxanes
705 2207 799 2275 filium,
820 2207 979 2276 quaudoque

73 2278 178 2344 genitus
198 2280 254 2344 erit,
275 2295 310 2330 an
333 2276 486 2331 Perdiccam
512 2295 601 2345 regern
621 2277 751 2346 habeatis,
771 2291 833 2330 curu
858 2277 908 2330 iste
929 2274 979 2329 sub

73 2345 171 2398 tutelae
189 2347 279 2416 specie
297 2361 407 2414 regnum
424 2356 598 2416 occupaturus
616 2347 657 2400 sit.
693 2347 786 2416 Itaque
803 2362 882 2400 nemo
895 2345 920 2398 ei
933 2362 980 2406 rex

74 2414 167 2485 placet,
180 2417 230 2470 nisi
242 2417 287 2486 qui
299 2415 415 2468 noudum
428 2425 564 2485 natusest,
578 2424 604 2468 et
616 2417 643 2470 iu
655 2425 727 2470 tanta
739 2415 857 2470 omnium
872 2415 978 2474 festina-

75 2511 182 2518 μὴ...

103 2553 110 2577 ¹
121 2519 235 2596 Irouicalr
255 2550 288 2596 ‘A
299 2547 346 2596 fine
357 2561 444 2595 reason
454 2546 490 2594 for
500 2561 543 2596 our
554 2547 643 2608 having
653 2546 790 2606 conquered
800 2545 842 2594 the
853 2544 976 2602 Parsiana,

75 2617 101 2656 to
110 2609 208 2657 become
219 2605 260 2656 the
272 2608 379 2668 subjecte
391 2605 418 2654 ol
430 2621 475 2654 one
486 2604 513 2653 of
525 2605 586 2654 their
596 2605 756 2653 descendants
764 2605 780 2651 ι’
814 2605 861 2652 See
877 2605 976 2664 Zumpt,

75 2665 168 2774 ⁹2⁶3&
182 2720 260 2774 cram.
272 2725 345 2781 uros,
358 2733 414 2772 nore
426 2727 449 2771 s.

103 2785 168 2834 'For
178 2785 226 2834 this
238 2785 341 2844 passive,
354 2799 396 2830 sce
409 2783 489 2830 cram.
502 2781 515 2833 i
527 2785 576 2830 125.

103 2849 112 2873 ⁴
122 2843 175 2892 The
185 2843 287 2905 thought
299 2843 351 2890 that
362 2842 403 2890 the
415 2857 481 2890 more
493 2840 612 2902 modestly
622 2841 653 2890 he
670 2851 749 2890 strove
762 2840 822 2889 aster
832 2840 884 2888 that
895 2839 976 2890 which

76 2903 107 2952 he
121 2903 236 2962 expected
252 2902 340 2958 (which
354 2917 405 2949 was
420 2911 445 2948 ιο
460 2903 491 2949 be
507 2899 597 2949 offered
613 2911 637 2949 ιο
653 2901 721 2956 him),
734 2900 776 2948 the
787 2915 852 2948 more
863 2901 977 2961 urgeatly

77 2961 154 3010 would
169 2962 227 3022 they
238 2977 304 3020 prese
319 2962 337 3008 it
348 2975 413 3020 upon
424 2960 481 3008 him.
512 2959 550 3007 He
567 2960 659 3010 alludes
677 2969 702 3008 to
718 2958 759 3007 the
777 2959 861 3020 kingly
872 2959 974 3028 dignity,

77 3020 153 3076 which
169 3019 295 3070 Perdiccas
306 3036 357 3068 was
373 3020 472 3080 longing
487 3017 531 3075 sor,
547 3019 639 3080 though
656 3019 686 3066 he
697 3017 793 3066 wanted
808 3027 833 3066 tu
849 3018 919 3068 avoid
934 3018 976 3066 the

76 3095 120 3171 app
120 3094 232 3186 Ambigler'r
252 3135 326 3197 ‘May
336 3137 378 3185 the
389 3137 450 3197 gods
460 3145 501 3184 not
512 3137 599 3196 permit
610 3138 626 3184 l'

102 3215 112 3240 ⁸
122 3209 236 3269 Namery,
249 3209 317 3258 those
328 3207 356 3256 ol
364 3209 498 3258 Perdiccas.
518 3208 573 3258 The
584 3209 724 3270 expression
734 3207 829 3269 implica
840 3207 975 3258 somewhat

77 3267 103 3318 ol
113 3277 240 3328 contempt.
272 3267 319 3316 See
330 3264 428 3328 Zumpt,
441 3267 516 3319 btol.

103 3343 201 3394 '‘th
216 3355 256 3392 aro
271 3351 313 3412 not
326 3341 404 3410 ¹ander
413 3342 456 3412 tha
466 3342 588 3405 necessity
598 3343 626 3394 cl
631 3315 733 3407 'parting
742 3358 775 3406 up
785 3342 846 3393 with
856 3341 974 3406 anythiug

76 3402 124 3454 that
134 3403 154 3453 ir
163 3403 225 3453 done
236 3409 329 3466 agarna
341 3400 403 3454 rheu
413 3401 480 3452 wrll.’
