<?xml version="1.0" encoding="UTF-8"?>
<!DOCTYPE html PUBLIC "-//W3C//DTD XHTML 1.0 Transitional//EN"
    "http://www.w3.org/TR/xhtml1/DTD/xhtml1-transitional.dtd">
<html xmlns="http://www.w3.org/1999/xhtml" xml:lang="en" lang="en">
 <head>
  <title>
</title>
<meta http-equiv="Content-Type" content="text/html;charset=utf-8" />
  <meta name='ocr-system' content='tesseract 3.04.00' />
  <meta name='ocr-capabilities' content='ocr_page ocr_carea ocr_par ocr_line ocrx_word'/>
</head>
<body>
  <div class='ocr_page' id='page_1' title='image "./qcurtiirufidege01zumpgoog_0137.png"; bbox 0 0 2410 3890; ppageno 0'>
   <div class='ocr_carea' id='block_1_1' title="bbox 521 243 1050 304">
    <p class='ocr_par' dir='ltr' id='par_1_1' title="bbox 521 243 1050 304">
     <span class='ocr_line' id='line_1_1' title="bbox 521 243 1050 304; baseline -0.008 0"><span class='ocrx_word' id='word_1_1' title='bbox 521 261 613 304; x_wconf 77' lang='lat' dir='ltr'><strong>arena</strong></span> <span class='ocrx_word' id='word_1_2' title='bbox 639 261 667 304; x_wconf 82' lang='lat' dir='ltr'><strong>r.</strong></span> <span class='ocrx_word' id='word_1_3' title='bbox 697 273 700 279; x_wconf 95' lang='lat'>·</span> <span class='ocrx_word' id='word_1_4' title='bbox 991 243 1050 300; x_wconf 70' lang='lat' dir='ltr'><strong>m</strong></span> 
     </span>
    </p>
   </div>
   <div class='ocr_carea' id='block_1_2' title="bbox 138 369 1112 2726">
    <p class='ocr_par' dir='ltr' id='par_1_2' title="bbox 138 369 1112 1411">
     <span class='ocr_line' id='line_1_2' title="bbox 138 369 1047 443; baseline -0.003 -17"><span class='ocrx_word' id='word_1_5' title='bbox 138 381 244 428; x_wconf 83' lang='lat' dir='ltr'><strong>mantes</strong></span> <span class='ocrx_word' id='word_1_6' title='bbox 261 387 333 426; x_wconf 85' lang='lat' dir='ltr'><strong>nnuc</strong></span> <span class='ocrx_word' id='word_1_7' title='bbox 349 387 462 443; x_wconf 86' lang='lat' dir='ltr'><strong>purgare</strong></span> <span class='ocrx_word' id='word_1_8' title='bbox 480 387 517 441; x_wconf 87' lang='lat' dir='ltr'><strong>se,</strong></span> <span class='ocrx_word' id='word_1_9' title='bbox 536 385 606 423; x_wconf 92' lang='lat' dir='ltr'><strong>nuno</strong></span> <span class='ocrx_word' id='word_1_10' title='bbox 622 369 785 428; x_wconf 79' lang='lat' dir='ltr'><strong>Artabazum</strong></span> <span class='ocrx_word' id='word_1_11' title='bbox 795 385 883 441; x_wconf 46' lang='lat' dir='ltr'><strong>vorare,</strong></span> <span class='ocrx_word' id='word_1_12' title='bbox 895 377 925 424; x_wconf 87' lang='lat' dir='ltr'><strong>nt</strong></span> <span class='ocrx_word' id='word_1_13' title='bbox 936 384 1047 424; x_wconf 61' lang='lat' dir='ltr'><strong>cauam</strong></span> 
     </span>
     <span class='ocr_line' id='line_1_3' title="bbox 139 439 1045 514; baseline -0.002 -18"><span class='ocrx_word' id='word_1_14' title='bbox 139 443 256 514; x_wconf 89' lang='lat' dir='ltr'><strong>ipsorum</strong></span> <span class='ocrx_word' id='word_1_15' title='bbox 279 451 402 512; x_wconf 89' lang='lat' dir='ltr'><strong>tueretur,</strong></span> <span class='ocrx_word' id='word_1_16' title='bbox 424 456 569 510; x_wconf 88' lang='lat' dir='ltr'><strong>precesque</strong></span> <span class='ocrx_word' id='word_1_17' title='bbox 593 439 728 509; x_wconf 85' lang='lat' dir='ltr'><strong>perferret.</strong></span> <span class='ocrx_word' id='word_1_18' title='bbox 772 440 815 494; x_wconf 83' lang='lat' dir='ltr'><strong>Sio</strong></span> <span class='ocrx_word' id='word_1_19' title='bbox 834 448 941 511; x_wconf 88' lang='lat' dir='ltr'><strong>peracta</strong></span> <span class='ocrx_word' id='word_1_20' title='bbox 960 447 1045 510; x_wconf 90' lang='lat' dir='ltr'><strong>nocte,</strong></span> 
     </span>
     <span class='ocr_line' id='line_1_4' title="bbox 139 509 1045 568; baseline -0.001 -3"><span class='ocrx_word' id='word_1_21' title='bbox 139 511 189 568; x_wconf 87' lang='lat' dir='ltr'><strong>sub</strong></span> <span class='ocrx_word' id='word_1_22' title='bbox 207 513 275 565; x_wconf 88' lang='lat' dir='ltr'><strong>lucis</strong></span> <span class='ocrx_word' id='word_1_23' title='bbox 294 523 414 566; x_wconf 84' lang='lat' dir='ltr'><strong>exortum</strong></span> <span class='ocrx_word' id='word_1_24' title='bbox 434 510 606 563; x_wconf 74' lang='lat' dir='ltr'><strong>Nabarzanes</strong></span> <span class='ocrx_word' id='word_1_25' title='bbox 625 525 687 563; x_wconf 87' lang='lat' dir='ltr'><strong>oum</strong></span> <span class='ocrx_word' id='word_1_26' title='bbox 706 509 852 563; x_wconf 75' lang='lat' dir='ltr'><strong>Bactrianis</strong></span> <span class='ocrx_word' id='word_1_27' title='bbox 870 509 1000 564; x_wconf 75' lang='lat' dir='ltr'>militibus</span> <span class='ocrx_word' id='word_1_28' title='bbox 1019 510 1045 564; x_wconf 91' lang='lat' dir='ltr'><strong>in</strong></span> 
     </span>
     <span class='ocr_line' id='line_1_5' title="bbox 138 577 1108 651; baseline -0.002 -17"><span class='ocrx_word' id='word_1_29' title='bbox 138 581 271 635; x_wconf 83' lang='lat' dir='ltr'><strong>vestibulo</strong></span> <span class='ocrx_word' id='word_1_30' title='bbox 289 580 411 651; x_wconf 87' lang='lat' dir='ltr'><strong>praetorii</strong></span> <span class='ocrx_word' id='word_1_31' title='bbox 429 579 558 644; x_wconf 87' lang='lat' dir='ltr'><strong>aderant,¹</strong></span> <span class='ocrx_word' id='word_1_32' title='bbox 571 577 677 632; x_wconf 88' lang='lat' dir='ltr'><strong>titulum</strong></span> <span class='ocrx_word' id='word_1_33' title='bbox 693 578 829 632; x_wconf 86' lang='lat' dir='ltr'><strong>sollemnia</strong></span> <span class='ocrx_word' id='word_1_34' title='bbox 846 579 927 632; x_wconf 87' lang='lat' dir='ltr'><strong>officii</strong></span> <span class='ocrx_word' id='word_1_35' title='bbox 943 579 1047 634; x_wconf 87' lang='lat' dir='ltr'><strong>occulto</strong></span> <span class='ocrx_word' id='word_1_36' title='bbox 1105 645 1108 650; x_wconf 25' lang='grc' dir='ltr'>Ι</span> 
     </span>
     <span class='ocr_line' id='line_1_6' title="bbox 139 647 1047 721; baseline -0.001 -18"><span class='ocrx_word' id='word_1_37' title='bbox 139 651 234 704; x_wconf 88' lang='lat' dir='ltr'><strong>sceleri</strong></span> <span class='ocrx_word' id='word_1_38' title='bbox 249 650 438 721; x_wconf 75' lang='lat' dir='ltr'><strong>praeferentes.</strong></span> <span class='ocrx_word' id='word_1_39' title='bbox 475 649 584 715; x_wconf 84' lang='lat' dir='ltr'><strong>Dareus,</strong></span> <span class='ocrx_word' id='word_1_40' title='bbox 597 647 672 716; x_wconf 83' lang='lat' dir='ltr'><strong>signo</strong></span> <span class='ocrx_word' id='word_1_41' title='bbox 683 647 718 700; x_wconf 88' lang='lat' dir='ltr'><strong>ad</strong></span> <span class='ocrx_word' id='word_1_42' title='bbox 730 647 848 702; x_wconf 85' lang='lat' dir='ltr'><strong>eundum</strong></span> <span class='ocrx_word' id='word_1_43' title='bbox 859 649 929 716; x_wconf 88' lang='lat' dir='ltr'><strong>dato,</strong></span> <span class='ocrx_word' id='word_1_44' title='bbox 941 665 1047 702; x_wconf 85' lang='lat' dir='ltr'><strong>currum</strong></span> 
     </span>
     <span class='ocr_line' id='line_1_7' title="bbox 138 716 1112 790; baseline 0 -19"><span class='ocrx_word' id='word_1_45' title='bbox 138 721 247 790; x_wconf 85' lang='lat' dir='ltr'><strong>pristino</strong></span> <span class='ocrx_word' id='word_1_46' title='bbox 265 735 338 772; x_wconf 89' lang='lat' dir='ltr'><strong>more</strong></span> <span class='ocrx_word' id='word_1_47' title='bbox 356 717 517 771; x_wconf 84' lang='lat' dir='ltr'><strong>conscendit.</strong></span> <span class='ocrx_word' id='word_1_48' title='bbox 552 716 725 770; x_wconf 75' lang='lat' dir='ltr'><strong>Nabarzanes</strong></span> <span class='ocrx_word' id='word_1_49' title='bbox 750 717 884 786; x_wconf 86' lang='lat' dir='ltr'><strong>ceterique</strong></span> <span class='ocrx_word' id='word_1_50' title='bbox 902 718 1048 787; x_wconf 85' lang='lat' dir='ltr'><strong>parricidae</strong></span> <span class='ocrx_word' id='word_1_51' title='bbox 1110 735 1112 743; x_wconf 93' lang='lat'>·</span> 
     </span>
     <span class='ocr_line' id='line_1_8' title="bbox 139 785 1058 858; baseline -0.003 -16"><span class='ocrx_word' id='word_1_52' title='bbox 139 789 343 858; x_wconf 81' lang='lat' dir='ltr'><strong>procumbentes</strong></span> <span class='ocrx_word' id='word_1_53' title='bbox 365 786 449 855; x_wconf 90' lang='lat' dir='ltr'><strong>humi,</strong></span> <span class='ocrx_word' id='word_1_54' title='bbox 470 803 552 856; x_wconf 89' lang='lat' dir='ltr'><strong>quem</strong></span> <span class='ocrx_word' id='word_1_55' title='bbox 574 786 653 858; x_wconf 91' lang='lat' dir='ltr'><strong>paulo</strong></span> <span class='ocrx_word' id='word_1_56' title='bbox 672 794 731 858; x_wconf 87' lang='lat' dir='ltr'><strong>post</strong></span> <span class='ocrx_word' id='word_1_57' title='bbox 750 785 778 840; x_wconf 93' lang='lat' dir='ltr'><strong>in</strong></span> <span class='ocrx_word' id='word_1_58' title='bbox 797 785 911 839; x_wconf 79' lang='lat' dir='ltr'><strong>vinculis</strong></span> <span class='ocrx_word' id='word_1_59' title='bbox 933 785 1058 842; x_wconf 87' lang='lat' dir='ltr'><strong>habituri·</strong></span> 
     </span>
     <span class='ocr_line' id='line_1_9' title="bbox 140 854 1048 926; baseline 0 -16"><span class='ocrx_word' id='word_1_60' title='bbox 140 869 214 911; x_wconf 89' lang='lat' dir='ltr'><strong>erant</strong></span> <span class='ocrx_word' id='word_1_61' title='bbox 227 858 376 912; x_wconf 86' lang='lat' dir='ltr'><strong>sustinuere</strong></span> <span class='ocrx_word' id='word_1_62' title='bbox 385 856 513 925; x_wconf 85' lang='lat' dir='ltr'><strong>venerari,</strong></span> <span class='ocrx_word' id='word_1_63' title='bbox 527 855 651 910; x_wconf 75' lang='lat' dir='ltr'><strong>lacrimas</strong></span> <span class='ocrx_word' id='word_1_64' title='bbox 662 856 745 913; x_wconf 87' lang='lat' dir='ltr'><strong>etiam</strong></span> <span class='ocrx_word' id='word_1_65' title='bbox 757 854 935 926; x_wconf 85' lang='lat' dir='ltr'><strong>poenitentiae</strong></span> <span class='ocrx_word' id='word_1_66' title='bbox 947 855 1048 910; x_wconf 86' lang='lat' dir='ltr'><strong>indices</strong></span> 
     </span>
     <span class='ocr_line' id='line_1_10' title="bbox 157 923 1047 996; baseline -0.002 -16"><span class='ocrx_word' id='word_1_67' title='bbox 157 927 326 980; x_wconf 87' lang='lat' dir='ltr'><strong>refuderunt:</strong></span> <span class='ocrx_word' id='word_1_68' title='bbox 351 925 418 978; x_wconf 89' lang='lat' dir='ltr'><strong>adeo</strong></span> <span class='ocrx_word' id='word_1_69' title='bbox 442 924 565 978; x_wconf 88' lang='lat' dir='ltr'><strong>humanis</strong></span> <span class='ocrx_word' id='word_1_70' title='bbox 588 925 700 994; x_wconf 79' lang='lat' dir='ltr'><strong>ingeniis</strong></span> <span class='ocrx_word' id='word_1_71' title='bbox 719 925 821 996; x_wconf 74' lang='lat' dir='ltr'><strong>parata²</strong></span> <span class='ocrx_word' id='word_1_72' title='bbox 840 923 974 977; x_wconf 85' lang='lat' dir='ltr'><strong>simulatio</strong></span> <span class='ocrx_word' id='word_1_73' title='bbox 997 933 1047 978; x_wconf 89' lang='lat' dir='ltr'><strong>est.</strong></span> 
     </span>
     <span class='ocr_line' id='line_1_11' title="bbox 138 944 1049 1065; baseline -0.001 -16"><span class='ocrx_word' id='word_1_74' title='bbox 138 944 236 1049; x_wconf 63' lang='lat' dir='ltr'><strong>irenes</strong></span> <span class='ocrx_word' id='word_1_75' title='bbox 247 995 344 1048; x_wconf 90' lang='lat' dir='ltr'><strong>deinde</strong></span> <span class='ocrx_word' id='word_1_76' title='bbox 357 1010 406 1065; x_wconf 91' lang='lat' dir='ltr'><strong>snp</strong></span> <span class='ocrx_word' id='word_1_77' title='bbox 424 993 509 1048; x_wconf 87' lang='lat' dir='ltr'><strong>liciter</strong></span> <span class='ocrx_word' id='word_1_78' title='bbox 519 995 643 1048; x_wconf 87' lang='lat' dir='ltr'><strong>admotae</strong></span> <span class='ocrx_word' id='word_1_79' title='bbox 655 995 779 1064; x_wconf 84' lang='lat' dir='ltr'><strong>Dareum,</strong></span> <span class='ocrx_word' id='word_1_80' title='bbox 792 1001 886 1048; x_wconf 89' lang='lat' dir='ltr'><strong>natura</strong></span> <span class='ocrx_word' id='word_1_81' title='bbox 897 993 1049 1063; x_wconf 86' lang='lat' dir='ltr'><strong>simplicem</strong></span> 
     </span>
     <span class='ocr_line' id='line_1_12' title="bbox 139 1012 1058 1133; baseline -0.003 -15"><span class='ocrx_word' id='word_1_82' title='bbox 139 1073 167 1118; x_wconf 92' lang='lat' dir='ltr'><strong>et</strong></span> <span class='ocrx_word' id='word_1_83' title='bbox 178 1067 280 1132; x_wconf 91' lang='lat' dir='ltr'><strong>mitem,</strong></span> <span class='ocrx_word' id='word_1_84' title='bbox 293 1081 344 1118; x_wconf 90' lang='lat' dir='ltr'><strong>non</strong></span> <span class='ocrx_word' id='word_1_85' title='bbox 356 1012 464 1116; x_wconf 64' lang='lat' dir='ltr'><strong>credere</strong></span> <span class='ocrx_word' id='word_1_86' title='bbox 476 1065 555 1118; x_wconf 87' lang='lat' dir='ltr'><strong>modo</strong></span> <span class='ocrx_word' id='word_1_87' title='bbox 584 1073 637 1117; x_wconf 77' lang='lat' dir='ltr'><strong>uae&#39;</strong></span> <span class='ocrx_word' id='word_1_88' title='bbox 645 1064 821 1133; x_wconf 85' lang='lat' dir='ltr'><strong>affirmabant,</strong></span> <span class='ocrx_word' id='word_1_89' title='bbox 832 1063 879 1116; x_wconf 88' lang='lat' dir='ltr'><strong>sed</strong></span> <span class='ocrx_word' id='word_1_90' title='bbox 891 1063 955 1116; x_wconf 91' lang='lat' dir='ltr'><strong>flere</strong></span> <span class='ocrx_word' id='word_1_91' title='bbox 967 1063 1058 1116; x_wconf 87' lang='lat' dir='ltr'><strong>etiam·</strong></span> 
     </span>
     <span class='ocr_line' id='line_1_13' title="bbox 139 1081 1046 1203; baseline -0.002 -17"><span class='ocrx_word' id='word_1_92' title='bbox 139 1139 293 1202; x_wconf 72' lang='lat' dir='ltr'><strong>coegerunt.</strong></span> <span class='ocrx_word' id='word_1_93' title='bbox 335 1136 375 1188; x_wconf 85' lang='lat' dir='ltr'><strong>Ao</strong></span> <span class='ocrx_word' id='word_1_94' title='bbox 395 1149 430 1187; x_wconf 91' lang='lat' dir='ltr'><strong>ne</strong></span> <span class='ocrx_word' id='word_1_95' title='bbox 448 1142 506 1186; x_wconf 89' lang='lat' dir='ltr'><strong>turn</strong></span> <span class='ocrx_word' id='word_1_96' title='bbox 525 1081 635 1203; x_wconf 54' lang='lat' dir='ltr'><strong>quidem</strong></span> <span class='ocrx_word' id='word_1_97' title='bbox 654 1133 762 1203; x_wconf 85' lang='lat' dir='ltr'><strong>cogitati</strong></span> <span class='ocrx_word' id='word_1_98' title='bbox 782 1133 892 1186; x_wconf 80' lang='lat' dir='ltr'><strong>sceleris</strong></span> <span class='ocrx_word' id='word_1_99' title='bbox 911 1134 1046 1203; x_wconf 89' lang='lat' dir='ltr'><strong>poenituit,</strong></span> 
     </span>
     <span class='ocr_line' id='line_1_14' title="bbox 139 1201 1048 1272; baseline 0.001 -17"><span class='ocrx_word' id='word_1_100' title='bbox 139 1219 202 1256; x_wconf 89' lang='lat' dir='ltr'><strong>oum</strong></span> <span class='ocrx_word' id='word_1_101' title='bbox 221 1203 402 1272; x_wconf 72' lang='lat' dir='ltr'><strong>intuerentur,⁸</strong></span> <span class='ocrx_word' id='word_1_102' title='bbox 413 1202 521 1272; x_wconf 87' lang='lat' dir='ltr'><strong>qualem</strong></span> <span class='ocrx_word' id='word_1_103' title='bbox 539 1210 566 1256; x_wconf 88' lang='lat' dir='ltr'><strong>et</strong></span> <span class='ocrx_word' id='word_1_104' title='bbox 584 1219 675 1272; x_wconf 86' lang='lat' dir='ltr'><strong>regern</strong></span> <span class='ocrx_word' id='word_1_105' title='bbox 691 1211 719 1256; x_wconf 92' lang='lat' dir='ltr'><strong>et</strong></span> <span class='ocrx_word' id='word_1_106' title='bbox 730 1203 815 1256; x_wconf 82' lang='lat' dir='ltr'><strong>virum</strong></span> <span class='ocrx_word' id='word_1_107' title='bbox 834 1202 964 1256; x_wconf 84' lang='lat' dir='ltr'><strong>fallerent.</strong></span> <span class='ocrx_word' id='word_1_108' title='bbox 1000 1201 1048 1256; x_wconf 92' lang='lat' dir='ltr'><strong>llle</strong></span> 
     </span>
     <span class='ocr_line' id='line_1_15' title="bbox 139 1271 1047 1343; baseline -0.001 -17"><span class='ocrx_word' id='word_1_109' title='bbox 139 1271 248 1340; x_wconf 87' lang='lat' dir='ltr'><strong>quidem</strong></span> <span class='ocrx_word' id='word_1_110' title='bbox 277 1288 387 1325; x_wconf 87' lang='lat' dir='ltr'><strong>securus</strong></span> <span class='ocrx_word' id='word_1_111' title='bbox 409 1272 519 1342; x_wconf 86' lang='lat' dir='ltr'><strong>periculi</strong></span> <span class='ocrx_word' id='word_1_112' title='bbox 542 1272 613 1342; x_wconf 91' lang='lat' dir='ltr'><strong>quod</strong></span> <span class='ocrx_word' id='word_1_113' title='bbox 636 1271 758 1343; x_wconf 88' lang='lat' dir='ltr'><strong>instabat,</strong></span> <span class='ocrx_word' id='word_1_114' title='bbox 779 1272 924 1326; x_wconf 78' lang='lat' dir='ltr'><strong>Alexandri</strong></span> <span class='ocrx_word' id='word_1_115' title='bbox 943 1288 1047 1342; x_wconf 89' lang='lat' dir='ltr'><strong>manus,</strong></span> 
     </span>
     <span class='ocr_line' id='line_1_16' title="bbox 139 1309 726 1411; baseline 0 -17"><span class='ocrx_word' id='word_1_116' title='bbox 139 1355 206 1410; x_wconf 87' lang='lat' dir='ltr'><strong>quas</strong></span> <span class='ocrx_word' id='word_1_117' title='bbox 217 1309 286 1392; x_wconf 84' lang='lat' dir='ltr'><strong>soles</strong></span> <span class='ocrx_word' id='word_1_118' title='bbox 299 1341 417 1410; x_wconf 87' lang='lat' dir='ltr'><strong>timebat,</strong></span> <span class='ocrx_word' id='word_1_119' title='bbox 430 1340 549 1410; x_wconf 79' lang='lat' dir='ltr'><strong>effugere</strong></span> <span class='ocrx_word' id='word_1_120' title='bbox 561 1341 726 1411; x_wconf 87' lang='lat' dir='ltr'><strong>properabat.</strong></span> 
     </span>
    </p>

    <p class='ocr_par' dir='ltr' id='par_1_3' title="bbox 138 1410 1049 2726">
     <span class='ocr_line' id='line_1_17' title="bbox 175 1410 1047 1482; baseline 0.002 -20"><span class='ocrx_word' id='word_1_121' title='bbox 175 1415 215 1462; x_wconf 82' lang='grc'><strong>30.</strong></span> <span class='ocrx_word' id='word_1_122' title='bbox 236 1410 330 1464; x_wconf 89' lang='lat' dir='ltr'><strong>Patron</strong></span> <span class='ocrx_word' id='word_1_123' title='bbox 341 1420 440 1480; x_wconf 88' lang='lat' dir='ltr'><strong>eutem,</strong></span> <span class='ocrx_word' id='word_1_124' title='bbox 450 1411 611 1464; x_wconf 83' lang='lat' dir='ltr'><strong>Graecorum</strong></span> <span class='ocrx_word' id='word_1_125' title='bbox 623 1411 686 1482; x_wconf 81' lang='lat' dir='ltr'><strong>dux,</strong></span> <span class='ocrx_word' id='word_1_126' title='bbox 698 1411 837 1482; x_wconf 85' lang='lat' dir='ltr'><strong>praecipit⁴</strong></span> <span class='ocrx_word' id='word_1_127' title='bbox 847 1411 911 1480; x_wconf 86' lang='lat' dir='ltr'><strong>suis,</strong></span> <span class='ocrx_word' id='word_1_128' title='bbox 924 1418 953 1464; x_wconf 89' lang='lat' dir='ltr'><strong>nt</strong></span> <span class='ocrx_word' id='word_1_129' title='bbox 964 1427 1047 1481; x_wconf 85' lang='lat' dir='ltr'><strong>arma,</strong></span> 
     </span>
     <span class='ocr_line' id='line_1_18' title="bbox 139 1478 1048 1550; baseline 0.002 -18"><span class='ocrx_word' id='word_1_130' title='bbox 139 1495 209 1548; x_wconf 85' lang='lat' dir='ltr'><strong>quae</strong></span> <span class='ocrx_word' id='word_1_131' title='bbox 229 1478 255 1532; x_wconf 92' lang='lat' dir='ltr'><strong>in</strong></span> <span class='ocrx_word' id='word_1_132' title='bbox 276 1479 387 1534; x_wconf 86' lang='lat' dir='ltr'><strong>sarcinis</strong></span> <span class='ocrx_word' id='word_1_133' title='bbox 405 1490 484 1534; x_wconf 86' lang='lat' dir='ltr'><strong>antea</strong></span> <span class='ocrx_word' id='word_1_134' title='bbox 507 1479 660 1534; x_wconf 86' lang='lat' dir='ltr'><strong>ferebantur</strong></span> <span class='ocrx_word' id='word_1_135' title='bbox 686 1481 833 1550; x_wconf 90' lang='lat' dir='ltr'><strong>induerent,</strong></span> <span class='ocrx_word' id='word_1_136' title='bbox 851 1480 885 1533; x_wconf 89' lang='lat' dir='ltr'><strong>ad</strong></span> <span class='ocrx_word' id='word_1_137' title='bbox 903 1497 982 1534; x_wconf 90' lang='lat' dir='ltr'><strong>omne</strong></span> <span class='ocrx_word' id='word_1_138' title='bbox 1000 1480 1048 1534; x_wconf 87' lang='lat' dir='ltr'><strong>im·</strong></span> 
     </span>
     <span class='ocr_line' id='line_1_19' title="bbox 138 1519 1048 1671; baseline 0 -70"><span class='ocrx_word' id='word_1_139' title='bbox 138 1549 244 1671; x_wconf 67' lang='lat' dir='ltr'><strong>perium</strong></span> <span class='ocrx_word' id='word_1_140' title='bbox 265 1565 343 1602; x_wconf 90' lang='lat' dir='ltr'><strong>suum</strong></span> <span class='ocrx_word' id='word_1_141' title='bbox 363 1550 447 1630; x_wconf 87' lang='lat' dir='ltr'><strong>parati</strong></span> <span class='ocrx_word' id='word_1_142' title='bbox 465 1559 493 1602; x_wconf 90' lang='lat' dir='ltr'><strong>et</strong></span> <span class='ocrx_word' id='word_1_143' title='bbox 513 1550 616 1602; x_wconf 90' lang='lat' dir='ltr'><strong>intenti.</strong></span> <span class='ocrx_word' id='word_1_144' title='bbox 658 1519 719 1619; x_wconf 88' lang='lat' dir='ltr'><strong>ipse</strong></span> <span class='ocrx_word' id='word_1_145' title='bbox 739 1564 844 1603; x_wconf 86' lang='lat' dir='ltr'><strong>currum</strong></span> <span class='ocrx_word' id='word_1_146' title='bbox 863 1551 934 1618; x_wconf 84' lang='lat' dir='ltr'><strong>regis</strong></span> <span class='ocrx_word' id='word_1_147' title='bbox 954 1565 1048 1619; x_wconf 85' lang='lat' dir='ltr'><strong>seque·</strong></span> 
     </span>
     <span class='ocr_line' id='line_1_20' title="bbox 157 1617 1048 1688; baseline 0.001 -18"><span class='ocrx_word' id='word_1_148' title='bbox 157 1625 222 1687; x_wconf 89' lang='lat' dir='ltr'><strong>atur,</strong></span> <span class='ocrx_word' id='word_1_149' title='bbox 241 1618 374 1672; x_wconf 80' lang='lat' dir='ltr'><strong>occasioni</strong></span> <span class='ocrx_word' id='word_1_150' title='bbox 395 1619 550 1672; x_wconf 82' lang='lat' dir='ltr'><strong>imminens⁶</strong></span> <span class='ocrx_word' id='word_1_151' title='bbox 571 1617 724 1688; x_wconf 89' lang='lat' dir='ltr'><strong>alloquendi</strong></span> <span class='ocrx_word' id='word_1_152' title='bbox 746 1635 826 1672; x_wconf 89' lang='lat' dir='ltr'><strong>eum:</strong></span> <span class='ocrx_word' id='word_1_153' title='bbox 850 1619 950 1688; x_wconf 90' lang='lat' dir='ltr'><strong>quippe</strong></span> <span class='ocrx_word' id='word_1_154' title='bbox 973 1618 1048 1671; x_wconf 89' lang='lat' dir='ltr'><strong>Bessi</strong></span> 
     </span>
     <span class='ocr_line' id='line_1_21' title="bbox 138 1687 1049 1758; baseline 0 -18"><span class='ocrx_word' id='word_1_155' title='bbox 138 1687 243 1740; x_wconf 86' lang='lat' dir='ltr'><strong>fucinus</strong></span> <span class='ocrx_word' id='word_1_156' title='bbox 259 1698 450 1758; x_wconf 83' lang='lat' dir='ltr'><strong>praesenserat.</strong></span> <span class='ocrx_word' id='word_1_157' title='bbox 486 1687 537 1742; x_wconf 88' lang='lat' dir='ltr'><strong>Sed</strong></span> <span class='ocrx_word' id='word_1_158' title='bbox 555 1688 660 1757; x_wconf 84' lang='lat' dir='ltr'><strong>Bessus,</strong></span> <span class='ocrx_word' id='word_1_159' title='bbox 674 1687 724 1740; x_wconf 93' lang='lat' dir='ltr'><strong>idi</strong></span> <span class='ocrx_word' id='word_1_160' title='bbox 757 1705 803 1742; x_wconf 84' lang='lat' dir='ltr'><strong>unt</strong></span> <span class='ocrx_word' id='word_1_161' title='bbox 816 1696 946 1757; x_wconf 84' lang='lat' dir='ltr'><strong>metuens,</strong></span> <span class='ocrx_word' id='word_1_162' title='bbox 959 1695 1049 1740; x_wconf 89' lang='lat' dir='ltr'><strong>custos</strong></span> 
     </span>
     <span class='ocr_line' id='line_1_22' title="bbox 138 1756 1048 1826; baseline -0.001 -17"><span class='ocrx_word' id='word_1_163' title='bbox 138 1758 235 1826; x_wconf 82' lang='lat' dir='ltr'><strong>verius,</strong></span> <span class='ocrx_word' id='word_1_164' title='bbox 248 1774 329 1826; x_wconf 88' lang='lat' dir='ltr'><strong>quam</strong></span> <span class='ocrx_word' id='word_1_165' title='bbox 340 1773 439 1825; x_wconf 88' lang='lat' dir='ltr'><strong>onmes,</strong></span> <span class='ocrx_word' id='word_1_166' title='bbox 452 1773 621 1810; x_wconf 84' lang='lat' dir='ltr'><strong>eourrnuon</strong></span> <span class='ocrx_word' id='word_1_167' title='bbox 634 1756 729 1810; x_wconf 82' lang='lat' dir='ltr'><strong>recede</strong></span> <span class='ocrx_word' id='word_1_168' title='bbox 765 1765 784 1809; x_wconf 87' lang='lat' dir='ltr'><strong>t.</strong></span> <span class='ocrx_word' id='word_1_169' title='bbox 817 1756 868 1810; x_wconf 92' lang='lat' dir='ltr'><strong>Diu</strong></span> <span class='ocrx_word' id='word_1_170' title='bbox 880 1773 941 1824; x_wconf 88' lang='lat' dir='ltr'><strong>ergo</strong></span> <span class='ocrx_word' id='word_1_171' title='bbox 953 1757 1048 1810; x_wconf 90' lang='lat' dir='ltr'><strong>Patron</strong></span> 
     </span>
     <span class='ocr_line' id='line_1_23' title="bbox 138 1825 1047 1896; baseline -0.002 -17"><span class='ocrx_word' id='word_1_172' title='bbox 138 1835 285 1896; x_wconf 86' lang='lat' dir='ltr'><strong>cunctatus,</strong></span> <span class='ocrx_word' id='word_1_173' title='bbox 302 1843 335 1879; x_wconf 90' lang='lat' dir='ltr'><strong>ao</strong></span> <span class='ocrx_word' id='word_1_174' title='bbox 354 1827 460 1896; x_wconf 88' lang='lat' dir='ltr'><strong>saepius</strong></span> <span class='ocrx_word' id='word_1_175' title='bbox 476 1842 597 1880; x_wconf 87' lang='lat' dir='ltr'><strong>sermone</strong></span> <span class='ocrx_word' id='word_1_176' title='bbox 616 1826 773 1894; x_wconf 64' lang='grc' dir='ltr'><strong>τενοαιιῐιιε,ο</strong></span> <span class='ocrx_word' id='word_1_177' title='bbox 788 1827 855 1879; x_wconf 89' lang='lat' dir='ltr'><strong>inter</strong></span> <span class='ocrx_word' id='word_1_178' title='bbox 871 1825 951 1878; x_wconf 87' lang='lat' dir='ltr'><strong>tidem</strong></span> <span class='ocrx_word' id='word_1_179' title='bbox 972 1827 1047 1877; x_wconf 88' lang='lat' dir='ltr'><strong>timo·</strong></span> 
     </span>
     <span class='ocr_line' id='line_1_24' title="bbox 139 1893 1048 2014; baseline -0.001 -67"><span class='ocrx_word' id='word_1_180' title='bbox 139 1911 249 1964; x_wconf 90' lang='lat' dir='ltr'><strong>remque</strong></span> <span class='ocrx_word' id='word_1_181' title='bbox 261 1895 397 1948; x_wconf 83' lang='lat' dir='ltr'><strong>haesitans</strong></span> <span class='ocrx_word' id='word_1_182' title='bbox 409 1910 500 2014; x_wconf 56' lang='lat' dir='ltr'><strong>regern</strong></span> <span class='ocrx_word' id='word_1_183' title='bbox 512 1894 671 1948; x_wconf 86' lang='lat' dir='ltr'><strong>intuebatur.</strong></span> <span class='ocrx_word' id='word_1_184' title='bbox 707 1893 759 1952; x_wconf 82' lang='lat' dir='ltr'><strong>Qui</strong></span> <span class='ocrx_word' id='word_1_185' title='bbox 771 1903 800 1946; x_wconf 95' lang='lat' dir='ltr'><strong>ut</strong></span> <span class='ocrx_word' id='word_1_186' title='bbox 812 1893 921 1946; x_wconf 89' lang='lat' dir='ltr'><strong>tandem</strong></span> <span class='ocrx_word' id='word_1_187' title='bbox 933 1893 1048 1946; x_wconf 83' lang='lat' dir='ltr'><strong>advertit</strong></span> 
     </span>
     <span class='ocr_line' id='line_1_25' title="bbox 139 1961 1048 2032; baseline -0.003 -15"><span class='ocrx_word' id='word_1_188' title='bbox 139 1964 237 2032; x_wconf 84' lang='lat' dir='ltr'><strong>oculos,</strong></span> <span class='ocrx_word' id='word_1_189' title='bbox 251 1963 376 2016; x_wconf 86' lang='lat' dir='ltr'><strong>Bubacen</strong></span> <span class='ocrx_word' id='word_1_190' title='bbox 389 1979 437 2032; x_wconf 83' lang='lat' dir='ltr'><strong>spe</strong></span> <span class='ocrx_word' id='word_1_191' title='bbox 457 1979 534 2016; x_wconf 90' lang='lat' dir='ltr'><strong>onem</strong></span> <span class='ocrx_word' id='word_1_192' title='bbox 547 1963 615 2015; x_wconf 89' lang='lat' dir='ltr'><strong>inter</strong></span> <span class='ocrx_word' id='word_1_193' title='bbox 627 1961 759 2030; x_wconf 84' lang='lat' dir='ltr'><strong>proximos</strong></span> <span class='ocrx_word' id='word_1_194' title='bbox 769 1977 875 2016; x_wconf 85' lang='lat' dir='ltr'><strong>currum</strong></span> <span class='ocrx_word' id='word_1_195' title='bbox 891 1970 1048 2032; x_wconf 85' lang='lat' dir='ltr'><strong>sequentem</strong></span> 
     </span>
     <span class='ocr_line' id='line_1_26' title="bbox 139 2029 1047 2102; baseline -0.001 -19"><span class='ocrx_word' id='word_1_196' title='bbox 139 2031 285 2102; x_wconf 88' lang='lat' dir='ltr'><strong>percontari</strong></span> <span class='ocrx_word' id='word_1_197' title='bbox 301 2031 385 2102; x_wconf 84' lang='lat' dir='ltr'><strong>jubet,</strong></span> <span class='ocrx_word' id='word_1_198' title='bbox 401 2031 533 2100; x_wconf 85' lang='lat' dir='ltr'><strong>numquid</strong></span> <span class='ocrx_word' id='word_1_199' title='bbox 546 2032 554 2084; x_wconf 93' lang='lat' dir='ltr'><strong>i</strong></span> <span class='ocrx_word' id='word_1_200' title='bbox 574 2031 596 2083; x_wconf 94' lang='lat' dir='ltr'><strong>si</strong></span> <span class='ocrx_word' id='word_1_201' title='bbox 609 2029 674 2084; x_wconf 85' lang='lat' dir='ltr'><strong>velit</strong></span> <span class='ocrx_word' id='word_1_202' title='bbox 686 2030 783 2084; x_wconf 87' lang='lat' dir='ltr'><strong>dicere.</strong></span> <span class='ocrx_word' id='word_1_203' title='bbox 819 2030 921 2099; x_wconf 86' lang='lat' dir='ltr'><strong>Patron,</strong></span> <span class='ocrx_word' id='word_1_204' title='bbox 934 2047 965 2084; x_wconf 90' lang='lat' dir='ltr'><strong>se</strong></span> <span class='ocrx_word' id='word_1_205' title='bbox 976 2047 1047 2100; x_wconf 90' lang='lat' dir='ltr'><strong>vero,</strong></span> 
     </span>
     <span class='ocr_line' id='line_1_27' title="bbox 139 2049 1047 2170; baseline -0.001 -16"><span class='ocrx_word' id='word_1_206' title='bbox 139 2101 187 2154; x_wconf 95' lang='lat' dir='ltr'><strong>sed</strong></span> <span class='ocrx_word' id='word_1_207' title='bbox 199 2101 308 2154; x_wconf 87' lang='lat' dir='ltr'><strong>remotis</strong></span> <span class='ocrx_word' id='word_1_208' title='bbox 318 2100 429 2170; x_wconf 85' lang='lat' dir='ltr'><strong>arbitris,</strong></span> <span class='ocrx_word' id='word_1_209' title='bbox 439 2099 510 2170; x_wconf 92' lang='lat' dir='ltr'><strong>loqui</strong></span> <span class='ocrx_word' id='word_1_210' title='bbox 521 2049 592 2153; x_wconf 81' lang='lat' dir='ltr'><strong>velle</strong></span> <span class='ocrx_word' id='word_1_211' title='bbox 604 2116 666 2154; x_wconf 85' lang='lat' dir='ltr'><strong>oum</strong></span> <span class='ocrx_word' id='word_1_212' title='bbox 678 2115 718 2169; x_wconf 87' lang='lat' dir='ltr'><strong>eo,</strong></span> <span class='ocrx_word' id='word_1_213' title='bbox 727 2099 870 2170; x_wconf 92' lang='lat' dir='ltr'><strong>respondit.</strong></span> <span class='ocrx_word' id='word_1_214' title='bbox 900 2101 1047 2170; x_wconf 89' lang='lat' dir='ltr'><strong>Jnssusque</strong></span> 
     </span>
     <span class='ocr_line' id='line_1_28' title="bbox 158 2168 1048 2250; baseline 0 -28"><span class='ocrx_word' id='word_1_215' title='bbox 158 2171 247 2240; x_wconf 91' lang='lat' dir='ltr'><strong>ropius</strong></span> <span class='ocrx_word' id='word_1_216' title='bbox 264 2168 401 2238; x_wconf 85' lang='lat' dir='ltr'><strong>accedere,</strong></span> <span class='ocrx_word' id='word_1_217' title='bbox 420 2168 477 2222; x_wconf 87' lang='lat' dir='ltr'><strong>sine</strong></span> <span class='ocrx_word' id='word_1_218' title='bbox 494 2170 644 2250; x_wconf 87' lang='lat' dir='ltr'><strong>interprete,</strong></span> <span class='ocrx_word' id='word_1_219' title='bbox 664 2185 727 2224; x_wconf 88' lang='lat' dir='ltr'><strong>nam</strong></span> <span class='ocrx_word' id='word_1_220' title='bbox 746 2169 818 2223; x_wconf 89' lang='lat' dir='ltr'><strong>haud</strong></span> <span class='ocrx_word' id='word_1_221' title='bbox 838 2169 910 2224; x_wconf 87' lang='lat' dir='ltr'><strong>rudis</strong></span> <span class='ocrx_word' id='word_1_222' title='bbox 929 2171 1048 2224; x_wconf 87' lang='lat' dir='ltr'><strong>Graecae</strong></span> 
     </span>
     <span class='ocr_line' id='line_1_29' title="bbox 139 2187 1047 2310; baseline 0 -18"><span class='ocrx_word' id='word_1_223' title='bbox 139 2187 245 2308; x_wconf 81' lang='lat' dir='ltr'><strong>linguae</strong></span> <span class='ocrx_word' id='word_1_224' title='bbox 263 2239 365 2293; x_wconf 85' lang='lat' dir='ltr'><strong>Dareus</strong></span> <span class='ocrx_word' id='word_1_225' title='bbox 382 2247 454 2292; x_wconf 85' lang='lat' dir='ltr'><strong>erat:</strong></span> <span class='ocrx_word' id='word_1_226' title='bbox 476 2239 542 2302; x_wconf 84' lang='lat' dir='ltr'><strong>Rex,</strong></span> <span class='ocrx_word' id='word_1_227' title='bbox 561 2240 652 2310; x_wconf 90' lang='lat' dir='ltr'><strong>rnquit,</strong></span> <span class='ocrx_word' id='word_1_228' title='bbox 672 2256 707 2292; x_wconf 84' lang='lat' dir='ltr'><strong>ex</strong></span> <span class='ocrx_word' id='word_1_229' title='bbox 724 2239 745 2294; x_wconf 90' lang='lat' dir='ltr'>L</span> <span class='ocrx_word' id='word_1_230' title='bbox 762 2239 870 2294; x_wconf 90' lang='lat' dir='ltr'><strong>milibus</strong></span> <span class='ocrx_word' id='word_1_231' title='bbox 886 2241 1047 2293; x_wconf 84' lang='lat' dir='ltr'><strong>Graecorum</strong></span> 
     </span>
     <span class='ocr_line' id='line_1_30' title="bbox 139 2308 1048 2380; baseline 0 -18"><span class='ocrx_word' id='word_1_232' title='bbox 139 2325 313 2379; x_wconf 86' lang='lat' dir='ltr'><strong>supersumus</strong></span> <span class='ocrx_word' id='word_1_233' title='bbox 324 2308 410 2380; x_wconf 82' lang='lat' dir='ltr'><strong>pauci,</strong></span> <span class='ocrx_word' id='word_1_234' title='bbox 423 2309 509 2364; x_wconf 90' lang='lat' dir='ltr'><strong>omnis</strong></span> <span class='ocrx_word' id='word_1_235' title='bbox 523 2309 642 2364; x_wconf 87' lang='lat' dir='ltr'><strong>fortunae</strong></span> <span class='ocrx_word' id='word_1_236' title='bbox 656 2317 716 2362; x_wconf 86' lang='lat' dir='ltr'><strong>tuae</strong></span> <span class='ocrx_word' id='word_1_237' title='bbox 728 2310 847 2380; x_wconf 88' lang='lat' dir='ltr'><strong>comites,</strong></span> <span class='ocrx_word' id='word_1_238' title='bbox 861 2318 889 2362; x_wconf 90' lang='lat' dir='ltr'><strong>et</strong></span> <span class='ocrx_word' id='word_1_239' title='bbox 900 2309 926 2362; x_wconf 92' lang='lat' dir='ltr'><strong>in</strong></span> <span class='ocrx_word' id='word_1_240' title='bbox 940 2310 990 2362; x_wconf 90' lang='lat' dir='ltr'><strong>hoo</strong></span> <span class='ocrx_word' id='word_1_241' title='bbox 1002 2317 1048 2362; x_wconf 88' lang='lat' dir='ltr'><strong>too</strong></span> 
     </span>
     <span class='ocr_line' id='line_1_31' title="bbox 139 2378 1046 2449; baseline -0.002 -17"><span class='ocrx_word' id='word_1_242' title='bbox 139 2387 208 2432; x_wconf 87' lang='lat' dir='ltr'><strong>statu</strong></span> <span class='ocrx_word' id='word_1_243' title='bbox 218 2378 307 2448; x_wconf 88' lang='lat' dir='ltr'><strong>iidem,</strong></span> <span class='ocrx_word' id='word_1_244' title='bbox 317 2378 363 2449; x_wconf 90' lang='lat' dir='ltr'><strong>qui</strong></span> <span class='ocrx_word' id='word_1_245' title='bbox 375 2378 485 2432; x_wconf 88' lang='lat' dir='ltr'><strong>florente</strong></span> <span class='ocrx_word' id='word_1_246' title='bbox 498 2387 524 2432; x_wconf 89' lang='lat' dir='ltr'><strong>te</strong></span> <span class='ocrx_word' id='word_1_247' title='bbox 537 2379 643 2448; x_wconf 87' lang='lat' dir='ltr'><strong>fuimus,</strong></span> <span class='ocrx_word' id='word_1_248' title='bbox 653 2395 825 2448; x_wconf 86' lang='lat' dir='ltr'><strong>quascunque</strong></span> <span class='ocrx_word' id='word_1_249' title='bbox 834 2388 917 2432; x_wconf 82' lang='lat' dir='ltr'><strong>terras</strong></span> <span class='ocrx_word' id='word_1_250' title='bbox 925 2378 1046 2448; x_wconf 81' lang='lat' dir='ltr'><strong>elegeris,</strong></span> 
     </span>
     <span class='ocr_line' id='line_1_32' title="bbox 138 2448 1048 2520; baseline 0.001 -19"><span class='ocrx_word' id='word_1_251' title='bbox 138 2464 184 2520; x_wconf 92' lang='lat' dir='ltr'><strong>pro</strong></span> <span class='ocrx_word' id='word_1_252' title='bbox 193 2448 313 2520; x_wconf 84' lang='lat' dir='ltr'><strong>patriast</strong></span> <span class='ocrx_word' id='word_1_253' title='bbox 325 2448 480 2502; x_wconf 86' lang='lat' dir='ltr'><strong>domesticis</strong></span> <span class='ocrx_word' id='word_1_254' title='bbox 489 2448 568 2502; x_wconf 88' lang='lat' dir='ltr'><strong>rebus</strong></span> <span class='ocrx_word' id='word_1_255' title='bbox 576 2448 690 2518; x_wconf 88' lang='lat' dir='ltr'><strong>petitori.</strong></span> <span class='ocrx_word' id='word_1_256' title='bbox 720 2448 857 2502; x_wconf 85' lang='lat' dir='ltr'><strong>Secundae</strong></span> <span class='ocrx_word' id='word_1_257' title='bbox 865 2448 1048 2518; x_wconf 85' lang='lat' dir='ltr'><strong>adversaeque</strong></span> 
     </span>
     <span class='ocr_line' id='line_1_33' title="bbox 138 2517 1048 2589; baseline -0.002 -19"><span class='ocrx_word' id='word_1_258' title='bbox 138 2534 182 2571; x_wconf 87' lang='lat' dir='ltr'><strong>res</strong></span> <span class='ocrx_word' id='word_1_259' title='bbox 193 2526 255 2572; x_wconf 87' lang='lat' dir='ltr'><strong>tuae</strong></span> <span class='ocrx_word' id='word_1_260' title='bbox 267 2517 424 2589; x_wconf 84' lang='lat' dir='ltr'><strong>copulavere</strong></span> <span class='ocrx_word' id='word_1_261' title='bbox 436 2533 485 2570; x_wconf 92' lang='lat' dir='ltr'><strong>nos</strong></span> <span class='ocrx_word' id='word_1_262' title='bbox 496 2527 595 2572; x_wconf 87' lang='lat' dir='ltr'><strong>tecum.</strong></span> <span class='ocrx_word' id='word_1_263' title='bbox 631 2517 758 2571; x_wconf 89' lang='lat' dir='ltr'><strong>Perhenc</strong></span> <span class='ocrx_word' id='word_1_264' title='bbox 770 2518 852 2571; x_wconf 89' lang='lat' dir='ltr'><strong>fidem</strong></span> <span class='ocrx_word' id='word_1_265' title='bbox 864 2518 992 2572; x_wconf 86' lang='lat' dir='ltr'><strong>invictam</strong></span> <span class='ocrx_word' id='word_1_266' title='bbox 1003 2532 1048 2570; x_wconf 92' lang='lat' dir='ltr'><strong>oro</strong></span> 
     </span>
     <span class='ocr_line' id='line_1_34' title="bbox 139 2585 1047 2659; baseline -0.002 -20"><span class='ocrx_word' id='word_1_267' title='bbox 139 2596 165 2639; x_wconf 94' lang='lat' dir='ltr'><strong>et</strong></span> <span class='ocrx_word' id='word_1_268' title='bbox 177 2587 300 2659; x_wconf 89' lang='lat' dir='ltr'><strong>obtestor,</strong></span> <span class='ocrx_word' id='word_1_269' title='bbox 313 2587 340 2640; x_wconf 93' lang='lat' dir='ltr'><strong>in</strong></span> <span class='ocrx_word' id='word_1_270' title='bbox 353 2585 448 2639; x_wconf 91' lang='lat' dir='ltr'><strong>nostris</strong></span> <span class='ocrx_word' id='word_1_271' title='bbox 456 2588 549 2640; x_wconf 88' lang='lat' dir='ltr'><strong>eastris</strong></span> <span class='ocrx_word' id='word_1_272' title='bbox 557 2587 605 2639; x_wconf 92' lang='lat' dir='ltr'><strong>tibi</strong></span> <span class='ocrx_word' id='word_1_273' title='bbox 614 2587 814 2640; x_wconf 85' lang='lat' dir='ltr'><strong>tabernaculum</strong></span> <span class='ocrx_word' id='word_1_274' title='bbox 827 2595 922 2654; x_wconf 88' lang='lat' dir='ltr'><strong>statue,</strong></span> <span class='ocrx_word' id='word_1_275' title='bbox 933 2603 980 2640; x_wconf 88' lang='lat' dir='ltr'><strong>nos</strong></span> <span class='ocrx_word' id='word_1_276' title='bbox 992 2603 1047 2639; x_wconf 87' lang='lat' dir='ltr'><strong>cor·</strong></span> 
     </span>
     <span class='ocr_line' id='line_1_35' title="bbox 138 2654 1048 2726; baseline -0.003 -16"><span class='ocrx_word' id='word_1_277' title='bbox 138 2658 208 2726; x_wconf 88' lang='lat' dir='ltr'><strong>poris</strong></span> <span class='ocrx_word' id='word_1_278' title='bbox 226 2659 263 2711; x_wconf 91' lang='lat' dir='ltr'><strong>tui</strong></span> <span class='ocrx_word' id='word_1_279' title='bbox 281 2657 407 2711; x_wconf 83' lang='lat' dir='ltr'><strong>custodes</strong></span> <span class='ocrx_word' id='word_1_280' title='bbox 423 2671 484 2708; x_wconf 90' lang='lat' dir='ltr'><strong>esse</strong></span> <span class='ocrx_word' id='word_1_281' title='bbox 501 2655 617 2726; x_wconf 85' lang='lat' dir='ltr'><strong>patiaris.</strong></span> <span class='ocrx_word' id='word_1_282' title='bbox 653 2655 798 2710; x_wconf 89' lang='lat' dir='ltr'><strong>Omisimus</strong></span> <span class='ocrx_word' id='word_1_283' title='bbox 815 2655 962 2726; x_wconf 83' lang='lat' dir='ltr'><strong>Graeciam,</strong></span> <span class='ocrx_word' id='word_1_284' title='bbox 974 2654 1048 2708; x_wconf 90' lang='lat' dir='ltr'><strong>nulla</strong></span> 
     </span>
    </p>
   </div>
   <div class='ocr_carea' id='block_1_3' title="bbox 139 2789 1050 3562">
    <p class='ocr_par' dir='ltr' id='par_1_4' title="bbox 168 2789 630 2846">
     <span class='ocr_line' id='line_1_36' title="bbox 168 2789 630 2846; baseline -0.004 -6"><span class='ocrx_word' id='word_1_285' title='bbox 168 2797 175 2820; x_wconf 89' lang='lat'><strong>¹</strong></span> <span class='ocrx_word' id='word_1_286' title='bbox 186 2791 235 2840; x_wconf 88' lang='lat' dir='ltr'><strong>For</strong></span> <span class='ocrx_word' id='word_1_287' title='bbox 244 2794 333 2839; x_wconf 81' lang='lat' dir='ltr'><strong>aderat.</strong></span> <span class='ocrx_word' id='word_1_288' title='bbox 365 2790 413 2838; x_wconf 89' lang='lat' dir='ltr'><strong>See</strong></span> <span class='ocrx_word' id='word_1_289' title='bbox 426 2789 506 2838; x_wconf 82' lang='lat' dir='ltr'><strong>Gram.</strong></span> <span class='ocrx_word' id='word_1_290' title='bbox 518 2789 532 2842; x_wconf 76' lang='lat' dir='ltr'><strong>i</strong></span> <span class='ocrx_word' id='word_1_291' title='bbox 542 2792 595 2846; x_wconf 75' lang='lat'><strong>244,</strong></span> <span class='ocrx_word' id='word_1_292' title='bbox 608 2793 630 2838; x_wconf 83' lang='grc'><strong>3.</strong></span> 
     </span>
    </p>

    <p class='ocr_par' dir='ltr' id='par_1_5' title="bbox 139 2847 1050 3562">
     <span class='ocr_line' id='line_1_37' title="bbox 166 2847 1047 2955; baseline 0 -57"><span class='ocrx_word' id='word_1_293' title='bbox 166 2855 177 2880; x_wconf 82' lang='lat'><strong>¹</strong></span> <span class='ocrx_word' id='word_1_294' title='bbox 188 2849 228 2898; x_wconf 81' lang='lat' dir='ltr'><strong>‘Ie</strong></span> <span class='ocrx_word' id='word_1_295' title='bbox 237 2850 354 2955; x_wconf 71' lang='lat' dir='ltr'><strong>ppepared</strong></span> <span class='ocrx_word' id='word_1_296' title='bbox 362 2850 378 2908; x_wconf 85' lang='lat'><strong>;&#39;</strong></span> <span class='ocrx_word' id='word_1_297' title='bbox 391 2849 445 2898; x_wconf 89' lang='lat' dir='ltr'><strong>that</strong></span> <span class='ocrx_word' id='word_1_298' title='bbox 455 2849 485 2906; x_wconf 88' lang='lat' dir='ltr'><strong>is,</strong></span> <span class='ocrx_word' id='word_1_299' title='bbox 498 2849 596 2898; x_wconf 82' lang='lat' dir='ltr'><strong>‘stands</strong></span> <span class='ocrx_word' id='word_1_300' title='bbox 606 2849 632 2898; x_wconf 92' lang='lat' dir='ltr'><strong>iu</strong></span> <span class='ocrx_word' id='word_1_301' title='bbox 641 2847 764 2898; x_wconf 83' lang='lat' dir='ltr'><strong>readiness</strong></span> <span class='ocrx_word' id='word_1_302' title='bbox 774 2847 830 2906; x_wconf 83' lang='lat' dir='ltr'><strong>for‚&#39;</strong></span> <span class='ocrx_word' id='word_1_303' title='bbox 842 2862 870 2898; x_wconf 93' lang='lat' dir='ltr'><strong>or</strong></span> <span class='ocrx_word' id='word_1_304' title='bbox 880 2853 917 2898; x_wconf 85' lang='lat' dir='ltr'><strong>‘at</strong></span> <span class='ocrx_word' id='word_1_305' title='bbox 929 2848 970 2898; x_wconf 89' lang='lat' dir='ltr'><strong>the</strong></span> <span class='ocrx_word' id='word_1_306' title='bbox 982 2864 1047 2898; x_wconf 88' lang='lat' dir='ltr'><strong>oom-</strong></span> 
     </span>
     <span class='ocr_line' id='line_1_38' title="bbox 139 2907 1049 3036; baseline 0.004 -22"><span class='ocrx_word' id='word_1_307' title='bbox 139 2907 257 3015; x_wconf 45' lang='lat' dir='ltr'><strong>mliii&#39;itir</strong></span> <span class='ocrx_word' id='word_1_308' title='bbox 267 2976 317 3016; x_wconf 82' lang='lat' dir='ltr'><strong>tarn</strong></span> <span class='ocrx_word' id='word_1_309' title='bbox 325 2984 377 3016; x_wconf 82' lang='lat' dir='ltr'><strong>com</strong></span> <span class='ocrx_word' id='word_1_310' title='bbox 387 2981 425 3014; x_wconf 79' lang='lat' dir='ltr'><strong>we</strong></span> <span class='ocrx_word' id='word_1_311' title='bbox 441 2965 529 3016; x_wconf 90' lang='lat' dir='ltr'><strong>should</strong></span> <span class='ocrx_word' id='word_1_312' title='bbox 543 2967 637 3026; x_wconf 79' lang='lat' dir='ltr'><strong>expect</strong></span> <span class='ocrx_word' id='word_1_313' title='bbox 645 2967 687 3016; x_wconf 90' lang='lat' dir='ltr'><strong>the</strong></span> <span class='ocrx_word' id='word_1_314' title='bbox 703 2966 846 3036; x_wconf 78' lang='lat' dir='ltr'><strong>indicatir03</strong></span> <span class='ocrx_word' id='word_1_315' title='bbox 863 2967 968 3018; x_wconf 74' lang='lat' dir='ltr'><strong>buteram</strong></span> <span class='ocrx_word' id='word_1_316' title='bbox 979 2973 1049 3021; x_wconf 87' lang='lat' dir='ltr'><strong>(even</strong></span> 
     </span>
     <span class='ocr_line' id='line_1_39' title="bbox 139 3025 1048 3093; baseline 0.001 -19"><span class='ocrx_word' id='word_1_317' title='bbox 139 3028 271 3093; x_wconf 76' lang='lat' dir='ltr'><strong>temporale)</strong></span> <span class='ocrx_word' id='word_1_318' title='bbox 281 3041 337 3086; x_wconf 88' lang='lat' dir='ltr'><strong>may</strong></span> <span class='ocrx_word' id='word_1_319' title='bbox 348 3027 440 3086; x_wconf 83' lang='lat' dir='ltr'><strong>always</strong></span> <span class='ocrx_word' id='word_1_320' title='bbox 456 3028 486 3074; x_wconf 90' lang='lat' dir='ltr'><strong>be</strong></span> <span class='ocrx_word' id='word_1_321' title='bbox 502 3025 614 3076; x_wconf 82' lang='lat' dir='ltr'><strong>followed</strong></span> <span class='ocrx_word' id='word_1_322' title='bbox 627 3027 659 3087; x_wconf 89' lang='lat' dir='ltr'><strong>by</strong></span> <span class='ocrx_word' id='word_1_323' title='bbox 670 3026 711 3076; x_wconf 89' lang='lat' dir='ltr'><strong>the</strong></span> <span class='ocrx_word' id='word_1_324' title='bbox 722 3025 847 3086; x_wconf 81' lang='lat' dir='ltr'><strong>imperfect</strong></span> <span class='ocrx_word' id='word_1_325' title='bbox 858 3027 905 3076; x_wconf 85' lang='lat' dir='ltr'><strong>and</strong></span> <span class='ocrx_word' id='word_1_326' title='bbox 914 3025 1048 3088; x_wconf 88' lang='lat' dir='ltr'><strong>pluperfect</strong></span> 
     </span>
     <span class='ocr_line' id='line_1_40' title="bbox 139 3085 1047 3256; baseline 0.003 -66"><span class='ocrx_word' id='word_1_327' title='bbox 139 3086 307 3213; x_wconf 38' lang='lat' dir='ltr'><strong>ecligma</strong></span> <span class='ocrx_word' id='word_1_328' title='bbox 318 3085 489 3193; x_wconf 44' lang='lat' dir='ltr'><strong>“spadam</strong></span> <span class='ocrx_word' id='word_1_329' title='bbox 502 3085 695 3194; x_wconf 56' lang='lat' dir='ltr'><strong>iii⁹iriiiir⁷csr</strong></span> <span class='ocrx_word' id='word_1_330' title='bbox 706 3152 804 3206; x_wconf 86' lang='lat' dir='ltr'><strong>present</strong></span> <span class='ocrx_word' id='word_1_331' title='bbox 815 3159 871 3256; x_wconf 52' lang='lat' dir='ltr'><strong>mag</strong></span> <span class='ocrx_word' id='word_1_332' title='bbox 881 3145 912 3193; x_wconf 90' lang='lat' dir='ltr'><strong>be</strong></span> <span class='ocrx_word' id='word_1_333' title='bbox 922 3143 1047 3202; x_wconf 81' lang='lat' dir='ltr'><strong>followed,</strong></span> 
     </span>
     <span class='ocr_line' id='line_1_41' title="bbox 139 3201 1047 3332; baseline 0.001 -22"><span class='ocrx_word' id='word_1_334' title='bbox 139 3201 730 3331; x_wconf 63' lang='lat' dir='ltr'><strong>¹⁰:ltttlrlt“lrtnrttttttttrmirt</strong></span> <span class='ocrx_word' id='word_1_335' title='bbox 738 3203 867 3332; x_wconf 63' lang='lat' dir='ltr'><strong>iiiiiiur</strong></span> <span class='ocrx_word' id='word_1_336' title='bbox 874 3208 935 3314; x_wconf 59' lang='lat' dir='ltr'><strong>{tl}</strong></span> <span class='ocrx_word' id='word_1_337' title='bbox 945 3262 1006 3319; x_wconf 72' lang='lat' dir='ltr'><strong>(m</strong></span> <span class='ocrx_word' id='word_1_338' title='bbox 1016 3261 1047 3320; x_wconf 73' lang='lat' dir='ltr'><strong>a,</strong></span> 
     </span>
     <span class='ocr_line' id='line_1_42' title="bbox 139 3320 994 3392; baseline 0 -21"><span class='ocrx_word' id='word_1_339' title='bbox 139 3321 213 3382; x_wconf 82' lang='lat' dir='ltr'><strong>ready</strong></span> <span class='ocrx_word' id='word_1_340' title='bbox 224 3329 249 3368; x_wconf 92' lang='lat' dir='ltr'><strong>to</strong></span> <span class='ocrx_word' id='word_1_341' title='bbox 259 3320 311 3369; x_wconf 89' lang='lat' dir='ltr'><strong>dart</strong></span> <span class='ocrx_word' id='word_1_342' title='bbox 322 3320 394 3369; x_wconf 88' lang='lat' dir='ltr'><strong>down</strong></span> <span class='ocrx_word' id='word_1_343' title='bbox 404 3336 469 3380; x_wconf 90' lang='lat' dir='ltr'><strong>upon</strong></span> <span class='ocrx_word' id='word_1_344' title='bbox 479 3322 525 3370; x_wconf 86' lang='lat' dir='ltr'><strong>end</strong></span> <span class='ocrx_word' id='word_1_345' title='bbox 536 3329 609 3391; x_wconf 80' lang='lat' dir='ltr'><strong>seue)</strong></span> <span class='ocrx_word' id='word_1_346' title='bbox 620 3338 650 3372; x_wconf 88' lang='lat' dir='ltr'><strong>au</strong></span> <span class='ocrx_word' id='word_1_347' title='bbox 660 3323 832 3392; x_wconf 69' lang='lat' dir='ltr'><strong>opportunity!</strong></span> <span class='ocrx_word' id='word_1_348' title='bbox 849 3381 854 3392; x_wconf 38' lang='grc'>1</span> <span class='ocrx_word' id='word_1_349' title='bbox 989 3379 994 3389; x_wconf 41' lang='grc' dir='ltr'>Ι</span> 
     </span>
     <span class='ocr_line' id='line_1_43' title="bbox 206 3379 1050 3504; baseline 0.002 -15.855"><span class='ocrx_word' id='word_1_350' title='bbox 206 3379 742 3498; x_wconf 66' lang='lat' dir='ltr'><strong>m</strong></span> <span class='ocrx_word' id='word_1_351' title='bbox 763 3381 901 3504; x_wconf 73' lang='lat' dir='ltr'><strong>arn</strong></span> <span class='ocrx_word' id='word_1_352' title='bbox 908 3387 1050 3490; x_wconf 76' lang='lat' dir='ltr'><strong>mm</strong></span> 
     </span>
     <span class='ocr_line' id='line_1_44' title="bbox 139 3455 910 3562; baseline 0.003 -14"><span class='ocrx_word' id='word_1_353' title='bbox 139 3455 216 3562; x_wconf 61' lang='lat' dir='ltr'><strong>mii</strong></span> <span class='ocrx_word' id='word_1_354' title='bbox 220 3498 340 3560; x_wconf 81' lang='lat' dir='ltr'><strong>suddenly</strong></span> <span class='ocrx_word' id='word_1_355' title='bbox 350 3495 567 3550; x_wconf 79' lang='lat' dir='ltr'><strong>drorehinrbeck.</strong></span> <span class='ocrx_word' id='word_1_356' title='bbox 725 3456 767 3504; x_wconf 59' lang='lat' dir='ltr'><strong>mg</strong></span> <span class='ocrx_word' id='word_1_357' title='bbox 903 3473 910 3498; x_wconf 67' lang='lat'><strong><em>⁹</em></strong></span> 
     </span>
    </p>
   </div>
   <div class='ocr_carea' id='block_1_4' title="bbox 0 0 1212 3890">
    <p class='ocr_par' dir='ltr' id='par_1_6' title="bbox 0 0 1212 3890">
     <span class='ocr_line' id='line_1_45' title="bbox 0 0 1212 3890; baseline 0 0"><span class='ocrx_word' id='word_1_358' title='bbox 0 0 1212 3890; x_wconf 95' lang='lat' dir='ltr'><strong> </strong></span> 
     </span>
    </p>
   </div>
  </div>
 </body>
</html>
