2410 3890
531 293 622 333 crasa
642 293 671 334 v.
1010 277 1065 333 105

154 401 276 454 Mennim
298 401 394 455 urbem
416 401 544 471 pervenit.
592 401 712 456 Caverna
735 401 772 456 ibi
796 409 844 473 est,
868 417 904 457 ex
926 417 980 473 qua
1006 401 1065 456 fons

154 471 288 538 ingentem
314 471 451 524 bituminis
478 473 532 524 vim
561 471 683 541 effundit,
706 471 782 541 adeo,
806 479 835 525 ut
861 473 926 526 satis
952 481 1063 543 constet,

155 539 313 610 Babylonios
341 557 431 594 muros
459 542 573 608 ingentis
601 541 688 612 operis
716 540 797 611 hujus
825 541 904 596 fontis
931 541 1065 596 bitumine

155 609 283 662 interlitos
295 607 378 662 esse.¹

189 683 212 730 3.
231 681 354 732 Ceterum
374 679 509 750 Babylona
529 679 680 750 procedenti
697 678 848 733 Alexandro
863 679 1001 750 Mazaeus,
1019 681 1064 750 qui

155 765 188 800 ex
201 750 258 800 acie
272 750 296 802 in
310 767 370 802 earn
382 750 476 802 urbem
489 749 650 819 confugerat,
664 766 726 803 cum
737 749 835 802 adultis
846 749 937 802 liberis
954 749 1065 870 supplex

155 819 272 890 occurrit,
286 820 380 872 urbem
392 835 474 888 seque
487 819 596 872 dedens.
626 819 722 872 Gratus
730 818 860 872 adventus
871 818 929 888 ejus
941 835 996 888 regi
1018 819 1064 890 uit,

154 889 252 1010 quippe
270 889 359 958 magni
377 889 464 959 operis
477 889 577 942 obsidio
595 888 683 942 futura
700 897 757 941 erat
775 897 829 942 tarn
847 888 966 942 munitae
985 887 1064 940 urbis.

155 958 197 1010 Ad
240 973 272 1010 oc
295 960 335 1011 vir
359 958 467 1011 illustris
500 965 526 1010 et
550 975 631 1011 manu
659 967 805 1028 promptus,
829 957 954 1026 famaque
982 957 1065 1010 etiarn

155 1029 272 1097 proximo
291 1027 390 1098 proelio
410 998 539 1098 oelebris,¹
559 1036 585 1081 et
605 1035 708 1082 ceteros
726 1027 761 1080 ad
780 1027 943 1081 deditionem
963 1027 1002 1078 sui
1026 1026 1065 1079 in·

156 1096 282 1149 citaturus
305 1097 427 1168 exemplo
445 1097 592 1152 videbatur.
634 1098 715 1165 Igitur
733 1097 804 1152 hunc
822 1096 931 1168 quidem
950 1092 1065 1164 benigne

156 1183 219 1218 cum
238 1166 329 1219 liberis
351 1166 465 1237 excipit:
490 1175 610 1220 ceterum
632 1166 759 1248 quadrato
782 1166 897 1236 agmine,
918 1164 988 1237 quod
1009 1165 1065 1234 ipse

156 1235 279 1304 ducebat,
298 1237 371 1288 velut
390 1237 416 1288 iu
435 1236 533 1290 aciem²
551 1237 626 1308 irent,
645 1235 747 1306 ingredi
768 1253 830 1290 suos
850 1236 928 1290 'ubet
965 1235 1067 1304 Magna

156 1321 217 1376 pars
236 1305 439 1375 Babyloniorum
459 1306 622 1358 constiterat³
640 1306 666 1359 in
686 1307 775 1376 muris,
794 1255 873 1360 avitfa
891 1303 1067 1374 cognoscendi

156 1390 255 1428 novum
268 1391 366 1444 regem,
380 1375 468 1446 plures
483 1375 590 1428 obviam
602 1375 702 1444 egressi
714 1385 783 1429 sunt.
819 1377 890 1430 Inter
902 1391 968 1446 quos
985 1375 1067 1444 Bago·

156 1441 265 1514 phanes,
279 1445 347 1497 arcis
358 1453 385 1497 et
402 1445 491 1513 regiae
503 1445 633 1514 pecuniae
650 1454 746 1515 custos,
760 1463 795 1498 ne
813 1445 901 1499 studio
919 1464 935 1498 a
953 1445 1067 1498 Mazaeo

156 1513 312 1584 vinceretur,
326 1523 410 1566 totum
422 1515 472 1567 iter
483 1514 590 1568 floribus
601 1515 766 1584 coronisque⁴
778 1524 962 1585 constraverat,
975 1531 1067 1584 argen-

158 1582 210 1636 teis
221 1583 347 1638 altaribus
365 1592 421 1636 utro
441 1600 475 1636 ue
493 1584 575 1637 latere
593 1584 728 1653 dispositis
749 1601 817 1653 quae
835 1601 885 1638 non
905 1594 961 1637 ture
980 1583 1066 1654 modo,

157 1652 206 1706 sed
218 1653 340 1706 omnibus
352 1601 475 1706 odoribus
491 1654 682 1706 cumulaverat.
718 1624 793 1707 bona
805 1669 868 1707 eum
881 1653 1066 1722 sequebantur,

156 1739 253 1792 greges
261 1739 409 1792 pecurume
430 1739 583 1792 uommque,
594 1723 684 1776 leones
692 1739 798 1794 quoque
810 1731 837 1776 ot
849 1723 972 1794 pardales
979 1722 1069 1776 caveis

157 1791 381 1862 praeferebantur.
449 1791 492 1860 agi
515 1792 619 1862 deinde,
641 1809 688 1845 suc
711 1809 784 1846 more
804 1809 912 1846 carmen
932 1800 1059 1845 canentes

157 1873 216 1932 post
235 1860 283 1914 hos
302 1861 448 1932 Cbaldaei,⁵
468 1861 724 1942 Babyloniorumque
743 1878 796 1914 non
816 1871 891 1914 vates
910 1862 996 1929 modo,
1020 1831 1068 1914 serf

157 1932 242 1984 etiam
265 1931 380 1986 artifices
402 1948 465 1984 cum
488 1930 586 1984 fidrbus
609 1931 649 1983 sui
668 1931 774 2000 generis
793 1931 876 1984 ibant.
912 1929 1018 1982 Laudes
1040 1928 1068 1982 hi

157 2017 250 2070 regum
275 2017 371 2053 canere
394 2001 470 2069 soliti,
495 2000 623 2054 Chaldaei
652 1999 768 2052 siderum
796 2007 885 2052 motus
908 2007 935 2051 et
959 2008 1069 2051 statutas

157 2070 231 2122 vices
250 2077 400 2140 temporum
420 2068 568 2122 ostendere.
604 2069 717 2139 Equites
735 2067 833 2122 deinde
854 2067 999 2139 Babylonii,
1021 2084 1069 2120 suo

157 2155 338 2209 equorumque
357 2138 430 2192 cultu
448 2138 483 2192 ad
500 2139 631 2192 luxuriam
643 2138 729 2208 magis
746 2149 829 2208 quarn
846 2137 880 2192 ad
898 2137 1069 2208 magnificen-

157 2208 222 2262 tiam
243 2208 355 2278 exacto,⁶
378 2209 463 2262 ultimi
487 2209 568 2262 ibant
604 2209 661 2264 Rex
689 2208 799 2262 armatis
821 2209 941 2290 stipatus,
962 2206 1069 2279 oppida·

156 2294 251 2331 norom
275 2279 379 2331 turbam
401 2286 460 2349 post
482 2278 590 2332 ultimos
612 2249 716 2349 perfites
740 2279 776 2332 ire
797 2277 892 2402 presit:
923 2280 979 2333 ise
1004 2293 1066 2332 cum

156 2349 244 2400 currul
255 2347 356 2417 urbem,
370 2364 401 2400 ac
413 2347 511 2400 deinde
529 2349 628 2416 regiam
647 2348 761 2402 intravit.
819 2359 904 2402 ostero
920 2297 949 2402 <ii

156 2414 275 2471 lectilem
287 2417 367 2471 Darei
378 2425 405 2471 et
417 2434 523 2470 omnem
536 2417 675 2487 pecuniam
688 2419 845 2486 recognovit.

191 2491 216 2538 4.
236 2487 359 2540 Ceterum
372 2486 456 2557 ipsius
474 2485 547 2540 urbis
558 2485 727 2557 pulchritudo
745 2489 778 2540 ac
795 2495 921 2557 vetustas,
934 2504 986 2540 non
998 2486 1069 2554 regis

154 2555 244 2625 modo,
265 2555 313 2608 sed
332 2556 413 2609 etiam
432 2555 552 2608 omnium
575 2556 666 2609 oculos
686 2557 712 2609 in
734 2565 820 2610 semet
839 2557 911 2610 haud
935 2555 1068 2609 immerito

156 2627 305 2678 convertit.⁸
347 2624 501 2678 Semiramis
530 2641 591 2678 earn
621 2624 782 2694 condiderat,
807 2641 866 2695 non,
889 2633 919 2677 ut
946 2625 1067 2694 plerique

949 2365 965 2401 e
983 2345 1069 2418 supel-

157 2745 233 2794 rivers
244 2745 294 2794 still
305 2745 363 2806 kept
374 2744 437 2794 their
452 2753 561 2804 separate
572 2758 679 2801 courses,
692 2743 785 2806 though
800 2744 842 2792 the
857 2759 955 2803 process
970 2744 998 2793 of
1009 2759 1065 2792 coo·

156 2805 253 2855 nectiou
263 2805 311 2853 had
321 2807 409 2866 began.

187 2863 353 2914 ¹F0rceleber.
385 2861 432 2912 See
446 2861 600 2914 Gramlssb.

177 2925 197 2991 ,a
206 2927 212 2949 ⁴
221 2915 276 2972 Into
293 2923 367 2980 battle
376 2924 392 2980 ;¹
410 2921 548 2982 equivalent
559 2930 585 2970 to
600 2923 631 2970 ad
637 2938 753 2985 pugnam,
766 2923 792 2970 in
802 2922 916 2984 proelium
923 2937 934 2978 ,·
952 2921 1065 2983 literally,

159 2985 226 3028 'into
237 2982 313 3030 battle
325 2982 410 3042 array.’

186 3045 195 3068 ³
207 3041 276 3090 ‘Had
287 3039 406 3090 stationed
417 3037 564 3089 themselves
571 3039 588 3098 ς’
600 3039 653 3088 that
664 3040 693 3098 is,
709 3043 787 3088 ‘vrere
798 3038 928 3102 standing!

186 3099 252 3148 ‘See
263 3099 295 3147 iv.
309 3103 346 3155 17,
357 3101 389 3146 od
393 3101 440 3160 fia.

188 3159 261 3208 'The
285 3157 840 3220 riestsoftbePersianreligionwerecalledlif
873 3157 1065 3218 ';oftheBaby-

158 3217 247 3274 Ionian,
262 3174 406 3266 &haldenus
439 3216 522 3265 These
538 3215 609 3268 latter
620 3233 684 3266 were
700 3217 837 3267 celebrated
861 3233 889 3268 or
903 3217 966 3267 their
981 3217 1065 3266 know·

159 3275 229 3338 ledge
240 3277 268 3326 of
274 3285 420 3335 astronomy.
437 3275 506 3344 ,The
513 3295 604 3345 carmen
612 3277 692 3326 which
703 3277 745 3346 the
756 3277 825 3339 Magi
835 3294 895 3340 sang
903 3293 954 3326 was
963 3275 1067 3383 perhaps

159 3351 209 3444 0an
215 3334 250 3443 oq1
251 3337 320 3442 thqse
331 3334 384 3395 lays
395 3333 475 3383 which
484 3335 548 3385 their
557 3345 768 3397 representatrvas,
781 3337 823 3386 the
834 3335 937 3394 Perseos
948 3351 962 3386 o
987 3335 1065 3394 ludia,

159 3405 191 3444 str
220 3410 300 3444 can.

187 3460 197 3540 ζ
209 3453 261 3561 gener
268 3453 357 3572 pqqqqq
366 3451 489 3562 eyiqlpptly
499 3453 591 3512 praiscs
601 3456 783 3518 magnificentia,
795 3457 839 3506 but
849 3454 942 3504 blames
953 3454 1057 3504 focaria.

187 3569 471 3622 'Wscauwellbelievo
478 3568 541 3618 their
547 3570 730 3620 astonishment.
748 3567 1066 3632 Oursuthor'sdescription
