2314 3886
194 183 252 234 240
457 193 496 232 ns
519 195 626 234 casare
648 191 835 234 arnamar.

193 323 240 358 nos
257 303 320 374 jube
338 301 407 368 duci,
421 313 457 372 ut,
471 302 540 372 quod
558 319 591 356 ex
610 312 655 355 tua
672 313 756 354 morte
774 304 962 374 petieramus,
979 319 1102 372 consequa·

192 389 252 426 mur
266 389 300 424 ex
311 375 417 425 nostra.¹
453 373 526 424 Haec
540 373 704 424 Hermolaus.

228 447 267 494 26.
287 445 322 494 At
341 459 402 495 rex:
428 443 514 500 Quam
532 441 599 494 salsa
617 443 675 511 sint,
696 441 788 510 inquit,
809 461 886 511 quae
913 445 973 495 iste
994 444 1102 496 traditas

193 513 316 580 magistro
329 529 375 564 suo
389 511 460 582 dixit,
475 512 604 580 patientia
621 529 682 563 mea
700 512 823 564 ostendit.
863 513 1039 566 Confessum
1051 511 1101 564 enin

192 581 313 634 ultimum
329 581 440 651 lacinus,
453 591 544 634 tamen
557 598 607 634 non
620 581 705 633 solum
724 581 821 650 audiri,
836 583 888 634 sed
904 593 936 635 ut
951 583 1007 652 ipsi
1021 581 1101 635 audire·

191 653 232 718 tis,
252 653 377 721 expressi,
397 669 448 704 non
467 649 628 721 imprudens,
648 668 709 703 curn
729 652 922 719 permisissem
943 652 1044 706 latroni
1059 651 1101 702 huie

191 721 287 790 dicere,
301 738 409 774 usurum
428 738 491 774 enm
510 721 589 789 rabie,
602 737 655 790 qua
673 720 827 790 compulsus
846 731 900 790 est,
916 729 949 774 ut
972 740 1030 790 me,
1042 737 1100 790 quen

190 792 306 860 parentis
330 791 386 842 loeo
409 790 495 844 colere
519 789 636 859 deberet,
659 787 739 841 vellet
759 789 897 842 occidere.
937 792 1041 860 Nuper
1058 807 1100 842 can

191 862 326 928 procacius
345 879 373 912 se
393 861 419 912 in
438 859 578 912 venatione
596 859 729 928 gessisset,
743 876 815 912 more
834 861 936 929 patrio,
952 873 984 912 et
1003 861 1040 914 ab
1056 859 1100 911 aab·

189 931 324 998 quissimis
344 929 517 982 Macedoniae
538 931 641 998 regum²
659 940 790 998 usurpato,
803 929 936 996 castigari
959 949 1028 984 eum
1046 929 1100 1000 jussi

190 1001 246 1052 lloc
269 1010 295 1051 et
320 1008 420 1068 oportet
444 998 509 1068 fieri,
533 1008 561 1051 et
584 999 624 1050 nt³
646 1015 662 1049 a
685 998 813 1051 tutoribus
837 1000 948 1068 pupilli,
977 1019 996 1052 a
1020 999 1101 1052 mariti

189 1087 290 1140 uxores,
304 1069 387 1120 servis
406 1085 510 1138 quoque
526 1084 623 1148 pueros
641 1066 720 1136 hujus
737 1069 833 1120 aetatis
851 1069 1007 1122 verberare
1027 1085 1100 1121 conce
1124 1089 1125 1094 ¹

189 1140 284 1190 dimus.
321 1137 394 1189 Haeo
407 1149 446 1191 est
460 1137 572 1190 saevitia
591 1139 617 1190 in
635 1138 722 1207 ipsum
741 1153 809 1204 mea,
823 1153 878 1258 hm
932 1139 1023 1208 'mpia
1036 1135 1100 1191 caede

189 1207 270 1259 voluit
294 1207 394 1258 ulcisci.
441 1208 513 1260 Nam
536 1208 562 1260 in
588 1216 697 1275 ceteros,
722 1207 767 1277 qui
790 1207 826 1259 mi
849 1207 857 1258 i
881 1224 901 1275 p
922 1211 1053 1262 rminnnr
1075 1207 1099 1258 uti
1122 1220 1124 1231 ·

189 1276 291 1342 iugenio
305 1292 372 1344 meo,
386 1293 468 1344 quam
479 1277 551 1330 mitis
564 1277 622 1345 sim,
636 1293 686 1328 non
702 1275 833 1345 ignoratis,
847 1283 873 1328 et
894 1293 1099 1331 commemorare

188 1361 383 1413 supervacuum
410 1353 459 1398 est.
507 1345 649 1398 Hermolao
675 1345 865 1415 parricidarum
894 1349 1040 1416 supplicia
1064 1363 1098 1398 non

187 1414 299 1482 probari,
313 1431 375 1465 curn
389 1415 486 1466 eadem
498 1414 555 1484 ipse
573 1415 708 1484 meruerit,
722 1415 832 1468 minime
851 1413 971 1468 hercule
990 1417 1097 1470 admiror

186 1485 258 1536 Nam
281 1501 344 1536 cnm
368 1483 571 1538 Parmenionem
595 1495 622 1537 et
646 1484 778 1538 Philotam
807 1483 907 1550 laudat,
935 1503 1010 1538 suae
1036 1485 1098 1538 sarrit
1124 1493 1125 1563 p

186 1571 292 1606 causae.
328 1553 478 1623 Lyncesten
499 1571 561 1607 vero
585 1554 767 1607 Alexandrum
786 1553 828 1606 bis
848 1553 1015 1609 insidiatum
1036 1555 1098 1624 capiti

187 1642 246 1676 meo
259 1642 275 1675 a
287 1624 391 1678 duobus
409 1624 541 1677 indicibus
557 1623 674 1693 liberavi,
689 1640 777 1676 rursus
795 1623 954 1676 convictum
978 1643 1029 1695 per
1041 1626 1098 1678 bien·

186 1697 259 1746 nium
274 1703 362 1745 tamen
372 1694 478 1762 distuli,
497 1693 582 1748 donec
593 1711 641 1746 vos
653 1693 829 1763 postularetis,
843 1701 871 1744 ut
883 1693 1007 1747 tandem
1020 1694 1098 1748 debito

186 1763 314 1832 supplicio
328 1763 416 1816 scelus
435 1763 528 1815 lueret.
564 1763 685 1816 Attalum
703 1772 848 1832 antequam
866 1778 915 1814 rex
933 1781 1042 1834 essem,
1055 1765 1099 1817 hos

187 1835 252 1886 tenr⁴
274 1849 336 1885 meo
359 1833 441 1904 capiti
468 1831 550 1885 luisse
578 1831 747 1884 meministis.
795 1831 879 1884 Clitus
906 1832 1021 1888 utinam
1053 1836 1100 1886 non⁵

185 1903 316 1972 coegisset
329 1921 373 1956 me
392 1903 442 1956 sibi
461 1902 547 1954 irasci.
584 1901 666 1972 Cujus
683 1901 852 1954 temerariam
871 1899 999 1970 linguam
1019 1903 1100 1974 probra

185 1972 298 2024 dicentis
321 1972 388 2026 mihi
412 1983 438 2026 et
462 1973 538 2025 vohis
561 1969 661 2025 diutius
684 1970 740 2040 tuli,
763 1987 843 2040 quarn
865 1970 911 2022 ille
936 1973 1044 2026 eadem
1067 1990 1100 2026 rue

184 2041 318 2095 dicentem
349 2043 462 2095 tulisset.
510 2043 613 2110 Regum
643 2040 796 2109 ducumque
822 2039 973 2093 clementia
1004 2061 1057 2096 noa
1082 2043 1100 2094 ir

185 2111 298 2178 ipsorum
313 2113 398 2179 modo,
413 2111 460 2163 sed
479 2111 561 2163 etiarn
574 2110 600 2162 in
613 2109 727 2179 illorum,
741 2109 787 2178 qui
805 2118 903 2178 parent,
919 2109 1044 2179 ingeniis
1061 2113 1100 2166 sita

184 2188 231 2232 est.
268 2180 401 2248 Obsequio
421 2180 574 2248 mitigantur
594 2179 722 2250 imperia:
744 2179 790 2232 ubi
807 2196 869 2232 vero
884 2182 1045 2234 reverentia
1065 2200 1100 2234 er·

185 2249 263 2300 cessit
281 2249 385 2317 animis,
400 2257 427 2301 et
445 2266 551 2302 summa
568 2249 629 2302 imis
647 2248 854 2320 confundimus,⁸
872 2249 897 2302 vi
917 2265 992 2320 opus
1010 2262 1061 2322 est,
1080 2263 1100 2304 ur

184 2317 237 2368 vim
254 2313 420 2386 repellamus.
895 2367 898 2372 .

220 2391 259 2439 27.
279 2387 331 2441 Sed
344 2387 408 2456 quid
422 2403 471 2455 ego
484 2387 570 2457 mirer,
584 2387 665 2442 istum
683 2386 867 2440 crudelitatem
879 2386 946 2440 mihi
958 2389 1099 2460 objecisse,

183 2457 228 2526 qui
244 2457 384 2510 avaritiam
403 2456 560 2528 exprobrare
578 2474 658 2510 ausus
676 2457 729 2510 sut
764 2456 831 2510 Nolo
850 2457 970 2525 singulos
984 2471 1100 2514 vestrum

258 2572 261 2576 .
275 2569 457 2576 -.----------Δ
465 2569 739 2576 -.-..--——---——

183 2631 223 2668 not
237 2622 268 2680 by
279 2620 448 2680 punishments
464 2618 556 2667 burden
568 2635 634 2666 more
645 2618 758 2679 heavily.’
792 2621 854 2668 This
866 2619 948 2668 would
960 2622 1029 2672 have
1042 2627 1099 2674 been

184 2679 224 2727 the
237 2681 350 2741 meaning
362 2679 421 2726 with
433 2697 481 2728 nou
488 2696 498 2735 ‚¹
517 2681 560 2726 but
572 2679 638 2726 since
651 2694 688 2726 we
700 2679 760 2726 have
772 2696 809 2734 ne,
822 2695 859 2726 we
871 2689 937 2728 must
950 2683 1099 2732 understand

184 2739 235 2786 that
247 2739 288 2787 the
299 2740 402 2799 speaker
413 2739 519 2798 changes
530 2737 592 2785 srorn
603 2738 644 2786 the
656 2747 787 2786 statement
795 2736 823 2785 os
830 2754 843 2785 a
854 2737 902 2785 sacr
914 2739 967 2787 into
975 2757 992 2788 a
1001 2759 1098 2804 prayer:

186 2798 284 2856 ‘Spare,
298 2799 344 2846 and
357 2799 388 2847 do
399 2809 439 2846 not
452 2798 545 2846 burden
555 2813 622 2846 more
631 2797 727 2858 heavily
738 2797 801 2846 their
811 2796 926 2845 childless
938 2799 980 2847 old
993 2805 1057 2863 age!

213 2875 219 2896 ¹
229 2869 377 2931 Beautifully
388 2871 434 2920 and
445 2870 548 2930 sorcibly
559 2870 703 2930 expressed;
724 2870 790 2918 ‘thet
801 2883 839 2918 we
848 2886 905 2930 may
916 2873 1003 2922 obtain
1015 2877 1049 2936 by
1060 2893 1099 2924 our

184 2943 239 2974 own
248 2928 319 2976 death
329 2931 393 2978 what
403 2947 439 2978 we
449 2931 497 2979 had
507 2930 596 2991 sought
607 2933 639 2990 by
651 2929 717 2976 thine
726 2931 742 2986 ;’
752 2929 858 2990 namely,
872 2928 1031 2983 deliveranoe
1041 2935 1098 2984 honr

185 2987 321 3046 indignities
333 2989 379 3037 and
391 2991 488 3050 misery.

186 3059 424 3169 Gisiigdidiawiffld
434 3062 494 3110 have
506 3063 568 3110 been
576 3077 642 3110 more
651 3059 778 3120 according
789 3069 814 3107 to
824 3059 895 3110 usual
903 3064 1021 3120 practice.
1054 3067 1096 3114 See

212 3189 221 3212 ³
232 3155 321 3231 Uriless
332 3156 368 3231 l'dr
378 3156 404 3232 iu
417 3199 453 3231 we
464 3184 521 3232 read
524 3186 621 3245 serant,
634 3169 786 3234 verberantur
796 3193 861 3232 must
877 3185 907 3232 be
924 3185 1002 3235 taken
1019 3200 1061 3238 out
1072 3190 1096 3237 ol

185 3245 224 3290 the
236 3242 352 3290 infinitive
364 3246 489 3290 uerberare,
619 3259 630 3290 r

212 3313 221 3334 ⁴
233 3313 239 3332 ⁴
250 3305 320 3363 Open
331 3306 436 3363 enemy.’

214 3364 301 3411 ⁵llrlore
312 3362 450 3421 commonly
461 3379 497 3409 ne.
531 3364 576 3410 See
590 3363 671 3410 Grnm.
685 3362 698 3415 b
710 3367 762 3421 350,
775 3375 831 3413 note
845 3372 864 3413 l.

212 3443 221 3466 ⁰
232 3435 297 3485 That
304 3437 336 3494 is,
348 3436 434 3484 ‘when
440 3448 477 3482 we
484 3434 555 3481 make
563 3450 594 3481 no
601 3434 730 3506 difference
740 3439 851 3486 between
858 3437 918 3499 king
926 3441 975 3490 and
984 3445 1096 3508 subiect?
