2264 3880
460 263 551 306 arasa
561 265 601 306 ¹1.
660 287 662 292 -
720 267 725 272 ’
920 253 981 312 w

76 370 226 442 imperium.
261 374 338 428 Absit
355 372 435 426 modo·
450 373 555 444 invidia,
568 373 685 445 excipiet
701 374 780 446 hujus
796 375 899 430 meeulr
909 383 980 431 teat·

77 455 141 511 pora
160 441 282 509 ejusdem
301 443 396 496 domus
414 444 523 496 utinam·
537 452 672 513 perpetua,
688 454 759 498 certe
779 445 903 499 diuturna
954 463 978 499 s·

76 511 187 564 tetitas.¹
222 511 354 582 Ceterum,
374 519 403 565 ut
422 511 456 565 ad
475 512 601 583 ordinem,
621 527 639 564 a
656 527 709 582 quo
728 531 774 568 me
793 523 917 585 contemp
943 515 979 568 tio

75 579 200 650 publicas
212 579 346 634 felicitatis
356 589 493 650 averterat,
506 580 621 651 redeam,
635 582 762 638 Perdicca
778 583 884 637 unicam
901 600 979 654 spem

76 649 170 702 salutis
181 665 246 702 suae
256 651 282 703 in
294 651 424 718 Meleagri
436 659 519 703 morte
530 649 694 720 deponebat:
710 667 811 705 ¹varrum
823 652 939 706 eundem
950 662 979 708 et

77 717 196 788 infidum,
215 719 387 789 celeriterque
405 735 448 772 res
467 721 621 774 novaturum
649 729 676 772 et
695 721 745 775 sibi
763 721 881 774 maxime
899 721 978 776 infes-

77 796 135 840 tum
156 788 342 858 occupandum
364 803 436 846 esse.¹
467 789 518 842 Sed
536 787 593 841 alta
610 759 818 844 dissimulatione
838 791 977 846 consilium

76 857 221 926 premebat,
235 865 263 910 ut
271 857 432 928 opprimeret
444 857 604 913 inmotum:
625 859 694 928 Ergo
711 859 781 912 clam
797 859 926 928 quosdam
943 877 979 914 ex

75 925 166 996 copiis,
181 926 277 994 quibus
294 935 421 996 praeerat,
440 927 601 997 subornarit,
617 936 654 997 ut,
673 928 749 998 quasi
766 928 894 997 ignoraret
911 929 976 1000 ipse,

75 1004 295 1063 conquererentur
306 995 402 1066 palam,
415 995 582 1064 Meleagrum
599 1007 742 1066 aequatum
753 1013 813 1051 esse
825 998 976 1052 Perdiccae.

75 1063 192 1122 Quorum
204 1079 325 1118 sermone
337 1065 473 1134 Meleager
484 1065 519 1118 ad
531 1083 561 1118 se
573 1067 663 1136 relato,
676 1065 766 1119 iurene
783 1067 822 1119 ira
833 1067 984 1121 Perdiccae*

74 1147 144 1202 quae
167 1134 338 1202 comperisset
360 1134 475 1203 exponit.
511 1134 567 1204 llle,
591 1135 665 1188 velut
687 1151 755 1188 nova
777 1151 810 1188 re.
825 1138 954 1190 >exterrito

10 1271 11 1274 Ἰ
74 1201 206 1271 admirari,
219 1203 301 1272 queri,
315 1202 480 1272 dolentisque
498 1207 617 1274 speciem
634 1213 766 1258 ostentare
784 1205 869 1258 ei-coe
890 1208 924 1275 it3
941 1155 977 1259 ai

74 1269 198 1324 ultimum
211 1288 213 1298 ¹
227 1273 358 1342 contenit,
385 1280 413 1325 ut
441 1273 726 1343 comprehenderentur
750 1285 806 1328 tant
835 1223 978 1328 seditiosae

10 1339 11 1348 ’
74 1340 149 1392 vocis
170 1349 298 1394 auctores.
335 1341 398 1410 Agit
417 1341 555 1410 Meleager
577 1343 681 1414 gratias,
702 1343 895 1414 amplexusque
913 1344 976 1398 -Per-

10 1455 11 1470 ζ
73 1408 177 1462 dicaam
194 1409 275 1463 fidem
291 1411 351 1490 ejus
367 1411 392 1464 in
409 1428 438 1463 se
456 1427 489 1464 ac
506 1411 712 1466 benivolentiam
731 1411 871 1466 collaudat.
906 1413 976 1468 Tum

10 1475 11 1532 j
73 1479 208 1531 communi
242 1479 351 1533 consilio
386 1481 515 1534 rationem
549 1481 714 1551 opprimendi
748 1481 841 1535 noxios
875 1484 975 1536 ineunt.

10 1543 11 1556 ¹
73 1546 418 1632 Placeterrercitumpstrio
435 1550 648 1604 1111161111111111.2
683 1551 717 1603 Et
734 1550 977 1620 probabitiseaaae

10 1609 11 1630 ¹
72 1615 210 1670 videbatur
232 1627 371 1687 praeterita
393 1618 530 1672 discordia.
566 1618 747 1674 Macedonum
770 1634 846 1688 reges
865 1620 901 1670 ita
922 1621 976 1674 lus·

73 1692 139 1738 trare
152 1685 221 1738 soliti
234 1696 308 1740 erant
320 1688 426 1756 milites,
440 1697 469 1740 ut
486 1688 613 1740 discissae
631 1687 706 1740 canis
722 1687 825 1740 uiscera
836 1687 929 1741 ultimo
947 1690 975 1742 in

10 1761 11 1768 ’
71 1769 172 1825 campo,
186 1755 212 1808 in
225 1773 307 1825 quem
318 1757 493 1810 deduceretur
505 1757 643 1823 exercitus,
656 1755 691 1810 ab
708 1765 820 1826 utraque
830 1755 976 1826 abjicerent

71 1833 153 1946 qqrte,
173 1825 240 1946 ilqrtlra
258 1825 284 1878 id
303 1825 417 1895 epatium
435 1826 530 1878 armati
547 1841 641 1879 omnes
657 1833 764 1894 starent,
783 1824 845 1878 hino
863 1825 975 1896 equites,

72 1909 144 1945 rrnc
193 1910 281 1948 aanx.
916 1929 918 1936 ι

107 1967 148 2014 29.
156 1909 260 2030 pltaque
272 1979 304 2014 eo
316 1963 366 2032 die,
380 1979 461 2032 quern
473 1961 535 2015 huic
547 1979 621 2016 sacro
638 1963 843 2029 destinaverant,
857 1980 902 2016 rex
913 1979 975 2018 num

71 2031 204 2100 equitibus
222 2031 420 2102 elephantisque
437 2032 589 2086 constiterat
608 2042 698 2090 contra
714 2031 835 2102 pedites,⁸
846 2032 905 2101 quis
917 2033 976 2086 Me·

72 2099 161 2168 leager
173 2109 299 2169 praeerat.
336 2102 397 2154 Jam
409 2110 532 2169 equestre
549 2117 644 2170 agmen
656 2102 819 2168 movebatur,
832 2109 859 2154 et
871 2101 976 2170 pedites

71 2167 159 2222 subita
176 2167 316 2222 formidine
334 2170 368 2224 ob
386 2177 521 2222 recentem
534 2169 702 2241 discordiam,
715 2170 787 2224 haud
805 2185 869 2223 sane
886 2173 974 2240 pacati

71 2237 214 2307 quicquam
232 2247 411 2308 expectantes,
425 2241 566 2308 parumper
577 2236 774 2310 addubitarem,
786 2242 831 2292 an⁴
842 2239 868 2292 in
881 2239 975 2300 urbem

72 2305 249 2360 subducerent
274 2309 378 2377 copias:
403 2308 502 2377 quippe
528 2325 574 2378 pro
599 2309 735 2378 equitibus
759 2309 884 2379 planities
909 2318 973 2362 erat.

72 2375 195 2428 Ceterum
212 2377 295 2446 veriti,
309 2393 343 2430 ne
363 2386 463 2430 temere
481 2378 691 2432 commilitonum
708 2379 789 2432 fidem
808 2378 973 2448 damnarent,

72 2444 217 2515 substitere,
239 2447 399 2515 praeparatis
417 2447 452 2498 ad
472 2447 653 2502 dimicandum
673 2447 776 2517 animis,
798 2447 820 2500 si
839 2447 900 2517 quis
918 2447 975 2501 vim

72 2513 201 2567 interret
222 2516 283 2568 Jarn
294 2516 401 2584 agmina
416 2516 528 2586 coibant,
541 2532 706 2586 parvumque
715 2516 889 2570 intervallum
909 2525 973 2586 erat,

71 2583 140 2651 quod
161 2583 248 2636 aciem
266 2592 407 2654 utramque
426 2584 565 2638 divideret.
600 2585 692 2654 Itaque
713 2601 841 2638 terreum
860 2601 914 2638 una
932 2585 976 2638 ale

71 2651 228 2722 obequitare.
241 2651 375 2722 peditibus
392 2669 439 2706 oce
459 2653 499 2723 ir‚⁶
514 2653 662 2706 discordiae
678 2662 807 2723 auctores,
822 2669 889 2723 quos
907 2655 974 2708 tueri

71 2719 128 2788 ipse
151 2721 274 2791 debebat,
297 2722 421 2776 instinctu
441 2671 584 2776 herdiceae
607 2723 641 2774 ad
661 2722 791 2792 supplicia
810 2722 972 2792 deposcens:

71 2790 273 2860 minabaturque
285 2807 379 2844 ornnes
396 2801 497 2845 turmas
513 2809 576 2846 eum
593 2791 742 2862 elephantis
758 2790 925 2846 inducturum
944 2809 974 2845 se

104 2948 183 2998 “Iret
194 2950 237 2997 but
248 2963 312 3009 enry
322 2950 353 2998 be
368 2949 404 2998 sar
414 2965 491 3010 away,
504 2949 563 2998 then
577 2949 619 2998 the
635 2949 793 2998 descendants
809 2949 838 3019 of
849 2951 890 3000 the
906 2967 974 3002 same

74 3007 150 3056 house
161 3007 210 3064 (the
221 3008 296 3056 house
304 3008 332 3057 oi
339 3008 380 3056 the
391 3008 406 3057 J
408 3009 459 3064 ulii)
465 3009 515 3056 will
524 3009 580 3058 take
588 3024 620 3069 up
629 3009 670 3057 the
677 3009 750 3058 times
757 3007 785 3056 os
791 3009 839 3058 this
847 3011 972 3072 centuryr'

73 3065 126 3115 that
137 3066 166 3121 is,
178 3066 235 3114 take
246 3081 278 3126 up
289 3067 335 3115 end
345 3069 458 3116 continue
468 3069 543 3116 them.

101 3129 112 3156 ⁸
123 3123 203 3172 ‘'lhat
214 3125 256 3172 tlte
267 3139 336 3185 army
346 3126 434 3175 should
445 3129 474 3175 be
485 3126 585 3196 purified
594 3127 610 3184 ;'
628 3143 644 3174 a
658 3127 700 3176 rel'
719 3127 771 3176 ‘ous
782 3127 921 3188 solemnity,
933 3143 972 3178 ee·

72 3183 257 3292 <qqqrrpqlqiteqlinoi
263 3186 545 3292 eqqqrgqltbgrquiqqqem
562 3186 688 3234 whencea
736 3189 808 3236 trotio
823 3189 936 3238 metitur
953 3188 985 3238 is·

101 3300 164 3348 ⁸⁴0
180 3257 258 3362 positge
268 3300 345 3349 tothe
355 3301 476 3363 menrry!

101 3365 110 3392 ⁸
121 3315 210 3421 ‘They
219 3359 352 3408 meditsted
362 3359 422 3430 fora
432 3361 504 3410 while
514 3361 624 3410 whether
634 3361 692 3424 they
702 3362 790 3414 should
800 3364 861 3422 not‚’
874 3363 923 3414 doc.

102 3427 110 3452 ¹
122 3418 244 3469 ‘Herode
255 3419 450 3482 alongtbehuea
461 3420 672 3482 osthelniantry.’
950 3459 953 3464 a
