2314 3886
491 255 582 296 nmen
603 257 642 295 vr.
970 237 1025 292 169

112 357 292 417 Macedonum
312 363 424 417 affecto!
463 365 571 433 Ecquis¹
592 383 607 417 e
628 365 703 417 vobis
718 375 855 432 corruptus
870 371 910 414 est
929 361 1025 415 donisf

132 449 192 487 uem
206 433 311 502 ducem,
325 451 405 502 quem
439 434 583 486 raefectum
598 433 851 502 impensiustcotutt
887 432 957 486 Mihi
969 433 1025 502 qui·

112 449 173 555 dem
198 502 326 571 objicitur,
351 520 403 572 quo
450 503 605 556 societatem
629 503 705 572 patrii
733 503 863 556 sermonis
891 519 1017 570 aspernor

113 572 181 642 quod
200 573 379 625 Macedonum
399 589 486 624 mores
504 571 645 625 fastidiam.
682 573 724 624 Sic
743 589 804 640 ergo
823 571 941 640 imperio,
954 542 1024 640 quod

113 641 247 710 dedignor,
269 640 412 695 imnrineol
450 643 510 695 Jarn
531 642 635 710 pridem
654 642 761 694 nativus
782 641 827 692 ille
848 657 935 692 sermo
954 659 1025 694 com·

64 735 66 738 ·
114 713 211 762 mercio
239 712 350 764 aliarum
379 712 499 778 gentium
527 710 656 764 exolevit:
688 721 744 762 tarn
767 709 917 778 victoribus,
943 727 1025 778 quarn

114 779 198 847 victis,
220 781 358 848 peregrina
379 779 468 848 lingua
489 780 616 832 discenda
636 789 685 834 est.
721 781 780 832 Non
802 778 955 832 mehercule
976 781 1026 832 ista

114 865 158 900 me
183 851 267 917 magis
291 849 407 918 laedunt,
427 866 506 918 quam
531 849 600 918 quod
622 853 762 918 Amyntas,
783 847 926 901 Perdiccae
947 848 1024 918 filius,

115 917 253 971 insidiatus
270 929 310 971 est
328 919 398 986 regi,
417 936 479 971 curu
497 935 549 986 quo
567 919 636 986 quod
654 919 772 971 amicitia
789 917 869 970 fuerit
887 917 961 983 mihi,
975 935 1025 971 non

117 1003 207 1039 recuso
236 988 389 1057 defendere,
414 989 436 1039 si
464 987 583 1040 fratrom³
606 988 676 1056 regis
702 1004 754 1040 non
779 986 889 1056 oportuit
913 987 987 1056 diligi
1009 1005 1026 1040 a

115 1055 199 1108 nobis.
237 1057 280 1109 Sin
299 1067 390 1110 autem
402 1057 427 1108 in
441 1057 485 1109 illo
498 1057 616 1109 fortunae
630 1055 712 1125 gradu
724 1057 839 1125 positum
852 1055 934 1108 etiam
948 1073 1025 1118 vene·

117 1126 165 1176 rari
185 1142 295 1178 necesse
313 1135 384 1178 erat:
412 1135 508 1195 utrum,
528 1143 634 1196 quaeso,
654 1126 724 1195 quod
747 1143 800 1179 non
820 1125 945 1193 divinavi,
966 1143 1026 1179 reus

117 1209 184 1262 snm,
198 1212 231 1247 an
245 1195 386 1265 impiorum
398 1195 492 1248 amicis
503 1195 650 1249 insontibus
664 1212 768 1264 quoque
781 1195 947 1250 moriendum
965 1197 1026 1249 estt

117 1263 192 1322 Quod
205 1265 226 1316 si
239 1282 356 1334 aequum
369 1274 416 1330 est,
430 1281 477 1317 our
496 1264 595 1318 tamdiu
609 1265 689 1317 vivol
709 1265 732 1317 si
750 1265 884 1334 injustum,
899 1281 945 1316 cur
956 1282 1026 1319 nunc

117 1333 226 1386 demum
241 1335 376 1387 occidorl⁴
410 1337 446 1388 At
465 1334 537 1387 enim
555 1335 655 1404 scripsi,
668 1334 787 1388 misereri
799 1351 844 1387 me
856 1351 955 1403 eorum,
969 1335 1026 1404 qui·

117 1401 168 1454 bus
186 1403 328 1457 vivendum
352 1414 422 1456 esset
447 1404 495 1456 sub
519 1421 558 1473 eo,
577 1403 624 1474 qui
648 1420 677 1456 so
700 1404 774 1457 Jovis
793 1403 878 1457 filium
896 1404 1025 1458 crederet.

118 1469 197 1524 Fides
209 1473 350 1542 amicitiae,
364 1473 418 1526 veri
439 1473 542 1526 consilii
561 1473 707 1543 periculose
719 1471 835 1542 libertas,
849 1490 897 1526 vos
915 1490 960 1526 me
981 1473 1026 1526 de-

118 1541 241 1610 cepistis!
269 1560 323 1612 vos,
351 1559 419 1612 quae
446 1543 602 1612 sentiebam,
628 1559 662 1595 ne
689 1543 836 1610 reticerem,
862 1542 1024 1612 impulistis!

117 1609 256 1679 Scripsisse
269 1629 312 1664 me
325 1612 392 1664 haec
405 1612 488 1664 fateor
500 1629 527 1665 re
548 1613 563 1682 i,
576 1629 627 1664 non
647 1610 681 1663 de
703 1628 764 1679 rege
785 1611 929 1680 scripsisse.
966 1613 1026 1667 Non

117 1680 190 1732 enim
203 1680 335 1734 faciebam
347 1681 484 1750 invidiam,
497 1629 547 1734 sed
558 1698 603 1750 pro
616 1698 647 1736 eo
660 1681 798 1734 timebam.
835 1681 944 1750 Dignior
961 1683 1028 1743 mihi

117 1749 269 1804 Alexander
288 1751 436 1819 videbatur,
456 1751 501 1818 qni
521 1751 593 1804 Jovis
613 1749 734 1819 stirpem⁵
751 1750 847 1804 tacitus
864 1761 1027 1822 agnosceret,

117 1835 198 1888 quam
211 1820 256 1888 qui
269 1819 462 1888 praedicatione
480 1819 599 1888 jactaret.
635 1819 687 1872 Sed
706 1819 831 1888 qnoniam
844 1821 943 1872 oraculi
961 1820 1030 1874 fides

118 1896 189 1940 certa
202 1897 250 1956 est,
264 1889 297 1940 sit
309 1889 377 1940 deus
389 1905 486 1940 causae
506 1905 585 1940 meae
605 1887 689 1940 testis.
725 1888 848 1942 Retinere
868 1906 913 1942 me
934 1889 960 1942 in
973 1889 1029 1942 vin·

118 1957 191 2022 culis,
205 1956 269 2009 dnm
283 1957 426 2010 consulitur
438 1957 570 2016 Hammon
582 1972 707 2008 arcanum
725 1966 752 2008 et
770 1957 904 2010 occultum
922 1957 1030 2010 scelus.⁶

119 2025 236 2094 Interim,
256 2027 300 2093 qui
325 2043 415 2094 regern
439 2034 555 2078 nostrum
579 2025 760 2093 dignatusest
778 2026 872 2096 filiurn,
892 2027 1029 2080 neminem

119 2109 217 2161 eornm,
231 2095 276 2164 qui
290 2095 362 2164 stirpi
375 2111 439 2147 suae
452 2094 568 2148 insidiati
585 2105 645 2148 sunt
666 2094 749 2147 latere
771 2095 892 2165 patieter.
930 2095 955 2148 Si
974 2113 1029 2149 cer·

120 2167 186 2215 tiora
203 2165 315 2216 oraculis
332 2165 438 2216 creditis
456 2181 516 2216 esse
535 2171 673 2234 tormenta,
686 2181 721 2217 ne
740 2163 809 2217 hanc
829 2165 937 2234 quidem
956 2164 1029 2218 exhi·

119 2232 223 2286 hendae
238 2233 354 2288 veritatis
365 2233 447 2286 fidem
459 2233 594 2302 deprecor.

154 2307 195 2355 tu.
215 2302 303 2356 Solent
327 2304 364 2356 rei
393 2303 487 2372 capitis
516 2303 643 2356 adhibere
667 2304 742 2357 vobis
767 2305 915 2426 (parentes.⁷
957 2304 1030 2358 Duos

119 2371 212 2425 fratres
224 2389 273 2440 ego
291 2390 375 2442 nuper
391 2372 484 2440 amisi3
502 2379 611 2441 patrem
622 2390 673 2426 nec
692 2383 765 2426 osten
786 2391 830 2425 ere
849 2390 1029 2443 possum,.nec

118 2443 239 2494 invocare
252 2442 345 2511 audeo,
359 2459 421 2494 curn
435 2451 460 2494 et
480 2441 535 2510 ipse
554 2444 618 2495 tanti
638 2443 756 2496 criminis
773 2460 834 2494 reus
851 2443 892 2495 sit.
929 2443 1028 2496 Parum

118 2521 157 2564 est
170 2513 250 2580 enim,
264 2520 300 2563 tot
313 2511 391 2564 modo
404 2511 519 2563 liberum
531 2520 676 2581 parentem,
690 2512 716 2564 in
737 2511 815 2565 unico
835 2511 890 2564 filio
909 2512 1029 2581 acquies-

117 2591 232 2650 centem,
252 2597 283 2634 eo
302 2598 407 2650 qnoque
425 2581 518 2649 orbari,
537 2581 587 2632 nisi
606 2581 665 2650 ipse
693 2582 718 2632 in
745 2597 837 2648 rogum
864 2597 957 2634 meum
981 2582 1028 2634 im·

118 2650 229 2720 ponitur.
267 2652 345 2720 Ergo,
365 2649 502 2702 carissime
525 2657 607 2718 pater,
627 2659 654 2702 et
673 2658 777 2719 propter
795 2667 839 2703 me
857 2651 982 2719 morieris,
1002 2659 1029 2703 et

147 2791 154 2814 ¹
168 2786 207 2834 ‘ls
218 2785 286 2834 there
298 2801 396 2846 anyone
405 2785 423 2832 f’
434 2801 448 2831 a
459 2784 570 2844 question
577 2784 657 2832 which
667 2794 767 2844 expects
779 2801 793 2832 a
803 2785 915 2845 negative
925 2801 1027 2835 answer.

146 2845 279 2954 3lrlvllbllha
305 2842 933 2964 raeta'hershdpeflllieihllredhes,ttrcoclllblierlsthildllrseuqarl'e'ntly
951 2902 1030 2953 called

338 2921 344 2950 1
532 2938 537 2958 2

118 2961 258 3078 brllhlltlliy.
272 3019 338 3076 then,
352 3037 390 3068 am
402 3020 413 3067 I
425 3036 480 3080 novr
491 3030 515 3068 ut
527 3020 573 3092 last
584 3029 626 3080 put
643 3030 668 3068 to
684 3020 756 3068 death
767 3021 783 3068 !'
815 3019 913 3070 Domum
928 3021 985 3072 hore
1000 3022 1026 3070 in

119 3077 794 3206 “¹2ttttnlt}‘tltttttttfltttttnldnttt·

146 3196 219 3243 'The
231 3206 366 3263 accusative
378 3197 470 3264 instead
482 3197 510 3244 of
521 3201 649 3247 descelerc.
682 3197 728 3245 See
742 3199 822 3246 Gram.
835 3198 911 3266 hm,
924 3203 945 3246 2.

148 3261 156 3282 ¹
167 3260 173 3282 ⁶
183 3255 222 3302 To
233 3256 303 3314 bring
313 3269 329 3301 u
355 3255 416 3302 their
424 3267 521 3314 parents
528 3256 608 3304 before
619 3271 666 3317 you
674 3257 690 3314 ;'
703 3257 809 3317 namely,
820 3273 849 3306 as
859 3269 1025 3314 intercessore,

118 3318 282 3382 deprugatores.
339 3313 369 3360 he
388 3313 435 3362 fact
454 3315 515 3371 that,
537 3316 560 3363 in
579 3315 620 3362 the
641 3325 699 3363 next
716 3325 840 3371 sentence,
861 3315 902 3363 the
923 3315 1031 3374 speaker·

119 3383 239 3422 mentions
250 3371 287 3420 bre
299 3382 349 3442 tero
359 3372 478 3442 brothers,
489 3374 555 3422 lsads
564 3391 592 3422 ns
602 3385 627 3422 to
636 3373 751 3422 conclude
760 3375 813 3424 that
821 3375 863 3442 ibe
873 3373 960 3422 author
971 3389 1028 3423 uses

122 3441 232 3494 parentes
249 3431 307 3480 hero
324 3447 348 3480 m
365 3431 406 3480 the
423 3431 484 3500 wide
503 3449 574 3480 sense
591 3433 619 3480 of
633 3432 776 3481 ‘relatives’
810 3431 874 3482 This
887 3448 931 3481 use
947 3432 975 3482 cf
986 3433 1031 3482 the

119 3491 186 3540 word
197 3507 248 3539 was
260 3501 301 3540 not
312 3490 453 3540 introduced
465 3490 500 3538 trll
511 3507 570 3551 very
581 3491 628 3540 late
640 3491 756 3552 Latinity.

564 3567 584 3602 Η
