2314 3886
138 207 192 262 190
401 221 440 260 nn
464 221 569 260 essars
592 222 776 262 ruaxrrrnnr.

135 331 212 384 Nunc
222 329 258 382 ab
270 329 353 382 Tanai
365 328 510 384 exercitum
522 346 651 398 accerses,
665 340 691 382 et
703 333 783 384 armis
794 331 904 384 flumina
915 346 1047 398 oppones.

136 400 243 453 Scilicet
261 415 314 468 qua
332 407 359 451 tu
378 399 508 467 fugiturus
526 416 562 468 es,
582 399 664 450 hostis
688 403 762 468 sequi
782 419 831 453 nou
850 399 951 470 potest!
991 399 1048 452 Iter

136 469 240 535 utrique
253 485 394 522 commune
407 477 455 536 est,
469 468 558 520 victori
571 469 661 522 tutius.
697 469 772 522 Licet
791 480 924 522 strenuum
938 477 1046 521 metum

136 547 213 606 putes
225 553 292 606 esse,
306 537 420 590 velocior
431 546 520 590 tamen
534 555 594 606 spes
612 548 662 589 est.
698 537 765 596 Quin
780 539 910 590 validioris
927 553 1047 607 occupas

136 608 255 675 gratiam,
269 606 397 676 dedisque
415 605 461 658 tel
479 615 613 676 utcunque
631 608 748 672 cesserit,
762 609 896 660 meliorem
911 607 1045 660 fortunam

137 674 242 728 deditus
254 693 335 745 quam
347 677 428 730 hostis
440 675 584 730 habiturus.
620 677 745 728 Alienum
760 677 842 730 habes
861 693 976 744 reguum,
991 691 1046 744 quo

138 743 242 797 facilius
254 762 285 797 ec
297 749 406 798 careas.¹
435 746 549 814 Incipias
559 745 664 797 forsitan
677 745 762 814 justus
772 763 831 798 esse
845 763 897 814 rex,
909 763 971 798 cum
985 745 1046 813 ipse

138 813 236 884 fecerit,
269 817 295 868 ui
309 815 354 868 tibi
367 825 393 868 et
405 815 468 868 dare
481 823 565 884 potest
578 831 688 883 regnum
707 829 732 867 et
751 816 861 884 eripere.
898 815 1046 867 Consilium

138 882 222 936 habes
232 832 319 954 fidele,
333 885 402 953 quod
414 883 515 936 diutius
532 885 628 953 exequi
646 901 840 954 supervacuum
853 893 901 936 est.
937 884 1047 936 NcbIIIs

138 970 222 1021 equus
239 954 334 1006 umbra
346 970 449 1022 quoque
462 953 551 1021 virgae
565 955 677 1022 regitur,
698 956 807 1020 ignavus
824 971 857 1005 rte
876 953 972 1005 calcari
985 953 1046 1022 qui-

139 1021 200 1074 dem
213 1023 337 1075 concitari
350 1031 443 1092 potest.
468 1019 578 1090 Bessus,
589 1032 615 1075 et
628 1024 732 1090 iugenio
742 1036 768 1075 et
778 1023 861 1076 multo
875 1039 946 1075 mero
959 1023 1044 1090 ferox,

138 1091 205 1142 adeo
228 1093 332 1161 exarsit,
358 1100 387 1144 ut
404 1092 501 1147 vix'ab
523 1093 624 1161 amiciS,
645 1109 696 1160 quo
715 1093 802 1145 miuus
825 1093 955 1144 occideret
978 1109 1045 1144 eum

139 1161 211 1228 (uam
231 1162 368 1214 strinxerat
386 1177 491 1230 quoque
503 1162 658 1230 acinacem),
673 1163 856 1214 contineretur.
893 1163 968 1214 Certe
981 1178 1046 1214 cort-

139 1230 219 1280 vivio²
229 1230 348 1299 prosiluit
366 1231 570 1298 haudquaquam
590 1239 683 1298 puteus
701 1231 806 1282 mentis.
843 1231 957 1282 Cobares
976 1231 1047 1282 inter

140 1299 281 1350 tumultum
294 1300 407 1367 elapsus,
420 1301 453 1352 ad
466 1299 646 1352 Alexandrum
661 1295 807 1368 transfugit.

178 1372 216 1434 17,
229 1367 291 1420 VIII
303 1367 378 1420 milia
389 1367 585 1420 Bactrianorum
598 1367 714 1421 habebat
732 1379 834 1421 armata
846 1369 951 1436 Bessus,
964 1384 1044 1436 quae,

139 1435 267 1502 quamdiu
280 1447 382 1506 propter
394 1437 459 1489 coeli
473 1437 659 1506 intemperiem
668 1439 769 1490 Indiam
780 1441 866 1507 potius
877 1437 1058 1490 Macedonas¹

141 1505 265 1572 petituros
289 1505 474 1574 crediderant,³
490 1506 642 1558 obedienter
663 1507 791 1576 imperata
815 1507 949 1574 fecerunt,
972 1515 1045 1574 post-

140 1590 218 1641 quam
232 1573 374 1626 adventare
387 1575 565 1628 Alexandrum
580 1585 744 1644 compertum
757 1586 804 1646 est,
818 1577 842 1627 in
857 1592 917 1627 suos
931 1577 1045 1644 quisque

139 1643 211 1694 vicos
223 1643 325 1713 dilapsi,
339 1645 448 1697 Bessum
463 1644 631 1713 reliquerunt.
667 1645 715 1696 llle
729 1661 791 1697 cum
803 1645 939 1696 clientium
952 1661 1043 1712 manu,

140 1712 183 1777 qui
205 1729 254 1764 nou
275 1722 442 1766 mutaverant
460 1714 549 1781 fidem,
569 1715 624 1766 Oxo
642 1731 721 1766 amne
741 1722 868 1782 superato,
888 1713 1044 1781 exustisque

140 1781 256 1850 navigiis,
275 1782 371 1848 quibus
391 1783 534 1848 transierat,
555 1800 588 1834 ne
606 1783 700 1834 iisdem
720 1782 802 1834 hostis
819 1791 939 1850 uteretur,
961 1799 1046 1834 novas

121 1891 124 1899 ,
139 1850 228 1918 copias
239 1851 266 1902 in
279 1849 416 1920 Sogdianis
433 1851 612 1904 contrahebat.
649 1851 800 1904 Alexander
818 1853 967 1904 Caucasum
985 1853 1045 1920 qui-

139 1918 209 1988 dem,
234 1929 262 1973 ut
286 1938 364 1990 supra
388 1921 487 1974 dictum
507 1934 554 1988 est,
574 1921 716 1988 transierat,
736 1921 781 1972 sad
810 1922 894 1989 iuopia
918 1921 1044 1973 frumenti

139 2005 218 2107 qrope
241 1990 275 2042 ad
300 1990 399 2044 famem
418 2001 524 2044 ventum
544 1999 608 2042 erat.
644 1990 711 2042 Suco
735 2007 768 2042 ex
787 1992 902 2041 sesama⁴
919 1988 1045 2058 expresso

124 2082 127 2088 ¹
158 2058 210 2109 aud
231 2075 309 2111 secus
328 2077 410 2128 quam
427 2061 486 2112 oleo
503 2069 575 2112 artus
593 2058 782 2128 pertingebant.
820 2059 868 2110 Sed
890 2058 969 2127 hujus
986 2059 1044 2111 suci

139 2125 249 2179 ducenis
274 2129 453 2196 ‘quadragenis
481 2127 596 2180 denariis
625 2125 767 2196 amphorae
797 2128 922 2195 singulae,
953 2129 1046 2180 mellis

139 2193 254 2247 denariis
279 2197 393 2248 trecenis
421 2199 574 2264 nonagenis,
600 2197 712 2248 trecenis
735 2197 788 2248 vini
818 2197 1044 2265 aestimabantur,

139 2263 216 2315 tritici
229 2263 291 2315 nihil
305 2273 350 2316 aut
362 2265 505 2317 admodum
519 2266 643 2333 exiguum
663 2266 848 2334 reperiebatur.
886 2266 954 2318 Siros
965 2283 1044 2318 voca-

139 2333 201 2384 bant
218 2333 342 2400 barbari,⁵
354 2351 419 2411 quos
437 2334 474 2385 ila
493 2334 610 2386 sollerter
629 2335 801 2402 abscondunt,
815 2344 851 2403 ut,
865 2335 913 2388 uisi
933 2336 977 2404 qui
996 2335 1044 2388 de-

139 2401 266 2469 foderunt,
280 2401 397 2453 invemre
409 2418 458 2454 non
472 2404 586 2470 possint:
605 2404 629 2458 iu
651 2405 693 2456 his
712 2404 832 2455 conditae
852 2403 941 2471 fruges
958 2417 1042 2457 erant.

141 2471 166 2522 lu
180 2487 292 2538 quarum
305 2472 413 2539 penuria
426 2471 524 2524 milites
542 2473 662 2525 fluviatili
682 2475 755 2541 pisce
776 2483 801 2524 et
822 2472 911 2541 herbis
930 2475 1041 2526 sustine-

139 2541 241 2592 bantur.
277 2541 390 2608 Jamque
413 2541 481 2593 haec
504 2542 562 2610 ipsa
581 2542 708 2594 alimenta
728 2541 896 2609 defecerant,
920 2559 981 2594 cum
1001 2541 1043 2611 ju·

139 2619 235 2678 menta,
254 2609 350 2678 quibus
370 2626 449 2662 onera
468 2611 613 2680 portabant,
635 2611 746 2662 caedere
765 2609 831 2679 jussi
851 2620 927 2663 sunt:
946 2611 1043 2664 horum

138 2695 223 2748 carne,
237 2679 301 2731 dum
312 2679 338 2732 iu
356 2679 507 2732 Bactrianos
518 2688 682 2750 perventum,
697 2689 799 2731 traxere
812 2680 902 2732 vitam.

166 2781 232 2864 1..(Βο
244 2817 294 2864 that
306 2833 353 2878 you
365 2817 414 2865 will
425 2829 465 2866 not
478 2818 524 2866 feel
535 2819 576 2866 the
587 2828 651 2867 want
663 2818 691 2866 of
702 2818 720 2865 it
731 2830 759 2865 so
770 2819 896 2880 strongly.’
939 2791 940 2796 i

128 2899 130 2903 “
165 2891 250 2938 ²·0ut
261 2890 288 2938 of
300 2890 341 2938 the
353 2891 576 2951 banquetinghulk'

166 2965 174 2988 ³
183 2957 236 3006 The
248 2959 304 3007 road
315 2959 376 3006 from
386 2958 473 3014 Gubul,
484 2959 555 3007 down
566 2960 607 3006 the
620 2959 698 3007 Gabul
707 2959 777 3015 river,
789 2961 857 3008 usfar
867 2976 893 3008 as
903 2961 944 3010 the
953 2960 1041 3018 Indus,

137 3034 187 3066 was
198 3034 259 3076 open
270 3027 295 3066 to
306 3017 346 3065 the
363 3018 548 3074 Macedonicum
566 3018 613 3066 and
624 3019 641 3065 it
653 3035 703 3065 was
719 3019 813 3066 natural
828 3030 853 3066 to
868 3036 972 3080 suppose
988 3021 1044 3070 that

137 3078 195 3136 they
206 3076 286 3124 would
302 3076 358 3123 take
375 3077 426 3123 that
442 3087 510 3124 route
526 3077 606 3124 rather
622 3078 679 3124 thau
695 3093 762 3125 cross
778 3077 819 3126 the
835 3079 980 3136 monaldus,
994 3081 1044 3130 aud

137 3137 241 3184 advance
252 3145 277 3182 to
288 3135 329 3182 the
340 3135 402 3182 river
415 3135 493 3182 Oxus.

164 3205 203 3250 ⁴A
215 3203 289 3260 plant,
302 3201 363 3248 from
373 3202 415 3249 the
426 3201 496 3250 seeds
507 3202 535 3250 of
547 3202 625 3250 which
641 3219 672 3251 an
688 3203 720 3250 oil
733 3203 753 3252 is
765 3205 886 3254 obtained.
919 3205 1043 3256 Secum
1061 3249 1069 3265 ,

136 3268 236 3315 (neuter)
247 3261 267 3308 is
279 3260 320 3306 the
331 3275 400 3307 nume
412 3260 440 3307 of
452 3260 492 3307 the
504 3261 569 3309 seed.

165 3329 230 3376 ‘Not
242 3327 333 3386 merely
343 3327 384 3374 the
396 3328 532 3394 barbaricus
544 3330 568 3375 in
579 3329 631 3377 that
646 3330 748 3385 district,
761 3333 804 3378 but
820 3333 950 3394 foreIguers
965 3349 1041 3396 gene·

134 3387 202 3446 rally.
235 3386 289 3434 The
300 3386 367 3433 word
379 3385 431 3432 Sira'
444 3401 464 3432 rs
475 3396 515 3433 not
528 3387 618 3444 Greek,
631 3389 667 3436 for
682 3388 723 3436 the
741 3389 836 3438 Greeks
851 3392 964 3440 obtelned
981 3393 1043 3444 both

135 3445 176 3492 the
187 3460 257 3492 name
268 3443 314 3492 and
325 3443 366 3491 tlte
378 3443 521 3504 knowledge
533 3444 560 3493 of
571 3444 612 3493 the
624 3447 727 3506 practice
738 3447 799 3496 from
809 3448 851 3498 the
863 3451 1005 3500 Thraciam.
