2410 3890
535 257 628 298 ursus
647 258 686 298 vr.
1010 247 1061 302 tut

154 367 248 438 inquit,
262 367 288 420 in
306 365 435 436 principio
447 381 552 434 quoque
570 366 650 434 hujus
668 369 704 420 rei
723 367 861 422 uobiscum
878 369 1064 424 deliberasses.

157 437 344 504 Suaeissemus,
366 435 388 488 si
413 434 535 488 Philotae
552 436 638 488 velles
661 436 805 504 ignoscere,
827 439 955 506 patereris
979 437 1066 508 potius

157 507 274 574 ignorare
293 522 364 574 eum,
377 519 506 574 quantum
523 505 633 558 deberet
651 507 707 574 tibi,
721 524 800 574 quarn
821 524 904 576 usque
922 509 956 560 ad
974 509 1065 562 mortis

157 587 260 630 metum
278 575 421 626 adductum
441 591 550 642 cogeres
567 575 673 642 saepius
689 575 723 626 de
743 576 857 644 periculo
869 594 925 645 suo,
938 595 1018 646 quarn
1031 577 1064 630 de

157 653 201 698 tuo
214 646 329 712 cogitare
341 642 480 696 beneficio.
507 642 554 696 llle
568 643 641 697 enim
653 661 758 712 semper
770 645 887 698 insidiari
900 647 948 700 tibi
961 648 1062 714 poterit,

157 723 185 766 tu
208 731 261 766 non
284 729 390 782 semper
410 712 529 766 Philotae
554 715 651 781 poteris
674 715 819 782 ignoscere.
855 715 913 766 Neo
932 725 974 766 est
994 713 1064 784 quod

157 783 312 850 existimes,¹
324 799 395 850 eum,
414 783 459 850 qui
479 791 582 835 tantum
601 799 682 834 ausus
700 792 748 850 est,
762 783 840 835 venie
861 801 938 852 posse
959 785 1062 836 mutari.

157 852 211 905 Scit
223 869 276 920 eos,
289 853 335 921 qui
353 851 562 904 misericordiam
579 852 819 920 consumpserunt,8
831 853 946 921 amplius
958 871 1063 922 sperare

156 938 208 976 non
220 927 306 990 posse.
341 922 377 974 At
390 937 447 989 ego,
461 922 566 974 etiarnsi
578 920 636 990 ipse
650 921 691 973 vel
704 921 866 990 poenitentia
877 923 920 973 vel
935 922 1064 975 beneficio

156 1000 201 1044 tuo
214 993 300 1044 victus
316 991 452 1058 quiescere
470 989 548 1059 volet,
568 999 671 1058 patrem
692 989 750 1058 ejus
770 991 980 1059 Parmenionem,
1000 992 1065 1044 tanti

156 1061 253 1113 ducem
267 1061 408 1126 exereitus
422 1067 448 1112 et
462 1059 608 1112 inveterata
626 1058 698 1128 apud
715 1059 817 1112 milites
834 1068 892 1112 tuos
909 1061 1064 1112 auctoritate

156 1129 228 1182 haud
248 1129 359 1182 multum
373 1128 440 1180 inira
452 1128 640 1196 magnitudinis
652 1137 713 1188 tuae
726 1128 861 1196 fastigium
873 1129 996 1208 positum,
1010 1131 1065 1182 scio

156 1214 207 1252 non
219 1215 304 1266 aequo
316 1197 405 1250 animo
418 1197 531 1251 salutem
545 1197 592 1250 filii
606 1199 647 1250 sui
659 1198 813 1269 debiturum
831 1197 893 1256 tibi..
925 1197 1065 1256 Quaedam

155 1267 285 1321 beneficia
297 1267 410 1320 odimus.
446 1268 579 1320 Meruisse
591 1277 704 1320 mortem
715 1267 834 1323 confiteri
847 1267 936 1336 pudet.
972 1267 1065 1336 Super-

156 1346 204 1405 est,
217 1349 245 1390 ut
259 1338 331 1390 malit
345 1336 428 1389 videri
441 1335 562 1405 injuriam
574 1337 718 1406 occepisse,
731 1354 812 1406 quam
825 1337 916 1390 vitam.
953 1337 1065 1390 Proinde

155 1407 283 1460 seitotibi
295 1423 357 1460 eum
369 1406 421 1458 illis
432 1405 466 1458 de
479 1406 564 1458 salute
577 1423 637 1460 esse
652 1407 832 1475 pugnandum.
868 1405 936 1459 Satis
948 1405 1063 1460 hostiurn

155 1486 283 1545 superest,
296 1475 330 1528 ad
342 1492 409 1545 quos
421 1476 618 1545 persequendos
635 1475 695 1528 ituri
714 1492 821 1530 sumus:
841 1474 911 1529 latus
926 1493 943 1528 a
961 1477 1064 1529 domes·

155 1545 215 1599 ticis
243 1545 363 1600 hostibus
392 1545 474 1600 muni.
504 1545 570 1598 rllos
593 1546 616 1597 si
639 1561 799 1616 summoves,
823 1543 890 1598 nihil
913 1554 1003 1598 metuo
1026 1545 1074 1611 eb¹
1129 1575 1131 1580 ·

154 1625 270 1668 externo.

188 1689 229 1736 30.
248 1685 322 1738 Haeo
339 1685 471 1737 Craterus.
507 1685 565 1746 Neo
583 1685 665 1736 ceteri
683 1682 848 1750 dubitabant,
861 1683 926 1752 quin
944 1683 1062 1752 conjura·

153 1753 233 1806 tionis
256 1753 382 1807 indicium
406 1768 595 1821 suppressurus
623 1769 675 1806 non
699 1751 800 1821 suisset,
825 1753 876 1809 nisi
903 1761 994 1804 auctor
1017 1761 1063 1804 aut

153 1825 293 1892 particeps.
329 1823 417 1880 Quem
430 1823 501 1874 enim
520 1821 595 1888 pium
612 1831 639 1874 et
657 1822 741 1874 bonae
754 1821 870 1888 mentis,³
882 1839 931 1874 non
944 1821 1062 1888 amicum

153 1893 240 1958 modo,
261 1891 309 1944 sed
333 1907 367 1944 ex
390 1891 485 1944 ultima
508 1890 595 1958 plebe,
614 1890 712 1942 auditis
736 1905 805 1958 quae
829 1889 862 1942 ad
886 1907 950 1950 eum
973 1889 1062 1942 delata

154 1969 237 2028 erant,
250 1977 301 2012 non
320 1960 438 2028 protinus
455 1958 490 2010 ad
508 1976 598 2025 regem
618 1958 701 2011 luisse
720 1957 877 2011 cursumml
895 1975 930 2011 ne
943 1958 1062 2012 Cebalini

154 2029 264 2096 quidem
287 2027 418 2094 exemplo,
437 2029 483 2096 qui
507 2029 551 2080 ex⁴
571 2027 650 2080 fratre
673 2037 808 2095 comperta
833 2029 883 2096 ipsi
906 2027 1061 2096 nuntiasset,

155 2097 336 2150 Parmenionis
361 2097 455 2166 filium,
484 2096 647 2166 praesectum
678 2096 819 2165 equitatur,
843 2097 961 2150 omnium
990 2115 1062 2148 arca-

154 2183 247 2219 norum
268 2167 338 2234 regis
356 2167 484 2220 arbitrum
492 2166 514 2216 2⁵
534 2166 674 2218 simulasse
694 2165 855 2233 etiam„non
876 2183 988 2226 vacasse
1008 2184 1062 2218 ser-

155 2237 225 2288 moni
250 2252 297 2287 suo
318 2252 407 2304 regern
437 2253 470 2288 ne
492 2235 572 2288 index
594 2235 676 2289 aliurn
701 2234 893 2288 internuntium
913 2245 1062 2304 quaereret.

154 2304 356 2373 Nicomachum,
378 2275 502 2372 religione
525 2321 631 2374 quoque
654 2304 736 2358 deum
760 2301 906 2374 astrictum,
927 2305 1061 2358 eonscien-

155 2375 219 2428 tiem
237 2391 311 2428 suam
330 2391 475 2428 exonerare
492 2391 660 2446 pmperasse:
681 2373 821 2443 Philotam,
841 2383 996 2442 consumpto
1015 2391 1062 2442 per

153 2444 246 2497 ludum
257 2443 400 2514 jocumque
413 2461 497 2513 poene
510 2454 563 2497 toto
574 2445 627 2512 die,
640 2452 778 2511 gravatum
796 2459 856 2496 esse
875 2459 959 2514 pauca
972 2445 1060 2510 verba,

81 2535 84 2541 s
153 2515 309 2594 pertinentia
327 2514 361 2566 nd
379 2524 458 2583 ceput
476 2515 551 2586 regis,
564 2523 619 2566 tarn
638 2513 714 2580 longo
732 2520 759 2566 et
773 2512 879 2565 forsitan
898 2529 1062 2581 supervacuo

154 2600 270 2636 inserere
282 2582 405 2635 sermoni.
442 2585 477 2635 At
495 2583 566 2635 enirn
580 2599 609 2634 se
623 2599 673 2634 non
686 2581 828 2634 credidisse
842 2581 903 2634 talia
916 2581 1058 2634 deserenti·

153 2653 204 2706 bus
223 2651 339 2722 puerisP
373 2653 425 2704 Cur
448 2651 525 2720 igitur
548 2651 713 2704 extraxissed
731 2650 851 2718 biduum,
873 2659 998 2718 tanquam
1024 2651 1061 2703 in-

154 2722 222 2774 dicio
252 2721 362 2774 baberet
390 2721 491 2774 tideml
521 2721 708 2774 dimittendum
738 2718 820 2771 luisse
844 2719 1010 2787 Cebalinum,
1036 2721 1058 2772 ei

154 2790 314 2844 delationem
334 2789 392 2858 ejus
404 2790 556 2844 damnabat.
592 2791 621 2844 ln
641 2805 689 2843 suo
707 2804 841 2868 quemque
859 2788 977 2857 periculo
988 2807 1061 2858 meg-

154 2876 217 2913 num
235 2861 354 2913 animum
367 2859 474 2930 habere,
484 2875 547 2912 cum
558 2859 593 2911 de
606 2858 691 2929 salute
705 2857 774 2933 regis
785 2865 930 2926 timeretur,
940 2859 1065 2924 credulos·

183 2975 191 2998 ¹
204 2969 299 3018 ‘There
309 2970 328 3018 is
337 2986 367 3017 no
376 2985 460 3018 resson
468 2969 525 3028 why
534 2984 581 3028 you
590 2967 677 3017 should
688 2966 798 3015 believe!
823 2967 869 3015 See
879 2969 976 3030 Zumpt,
986 2971 999 3024 l
1008 2975 1059 3020 562.

182 3033 192 3058 ⁸
204 3033 209 3054 ⁶
219 3028 284 3075 Who
296 3028 355 3076 have
366 3029 499 3078 exhousted
511 3030 551 3076 the
563 3043 673 3079 measure
684 3026 712 3073 oi
719 3027 886 3084 compassion!

182 3086 270 3140 “Pios,
284 3087 338 3134 who
355 3087 427 3136 loves.
436 3089 481 3136 end
499 3088 603 3136 honours
615 3087 655 3134 the
668 3085 734 3145 king,
746 3083 787 3153 the
798 3085 875 3134 lether
885 3089 913 3136 of
925 3088 966 3138 the
977 3099 1057 3146 stete;

57 3177 60 3186 ·
153 3149 224 3194 boone
233 3147 326 3199 meotis,
339 3146 394 3193 who
405 3147 526 3194 cherishes
543 3163 557 3194 a
572 3146 634 3207 good
644 3145 682 3194 dis
700 3143 794 3201 mittun,
808 3147 896 3196 retains
912 3147 950 3198 his
966 3149 1006 3197 old
1021 3159 1057 3197 at·

154 3205 298 3257 techments.
312 3205 357 3252 end
368 3205 389 3252 is
400 3215 440 3252 not
452 3206 490 3254 led
501 3219 570 3265 ewey
582 3209 614 3265 by
625 3161 751 3255 novehies.

181 3271 190 3292 ⁴
203 3263 290 3312 ‘From
302 3263 343 3314 the
354 3265 438 3312 mouth
448 3265 488 3312 ol!
521 3265 567 3312 See
579 3264 679 3324 Zumpt„
690 3263 703 3314 l
715 3265 764 3312 309.

182 3331 190 3355 ¹
201 3323 293 3381 Supply
304 3332 345 3370 out
356 3323 384 3370 ol
391 3324 431 3370 the
442 3324 571 3430 precediufi
580 3335 693 3372 sentence
703 3325 842 3372 cunemine.

180 3381 370 3498 :plhdhdffhahrhh‘
377 3381 462 3488 hddnhe
471 3440 572 3500 deleyed
580 3441 616 3488 lor
626 3457 640 3489 a
650 3441 732 3500 period
742 3438 770 3488 cs
776 3447 826 3489 two
836 3441 896 3502 days
905 3441 924 3490 τ’
952 3441 1007 3492 The
1018 3443 1053 3492 iu·

152 3499 244 3548 finitive
254 3499 342 3548 should
353 3498 463 3559 properly
474 3497 534 3548 heve
545 3501 607 3548 been
616 3498 677 3548 used
687 3499 753 3550 here.
784 3499 831 3548 See
843 3500 923 3550 Grues.
933 3500 947 3552 l
958 3503 1010 3552 389.

258 3563 286 3613 ll
586 3561 628 3612 c2

452 3399 509 3442 eges
521 3383 545 3430 in
573 3383 593 3430 is
604 3382 720 3430 deleneel
776 3395 779 3398 ·
