2314 3886
502 279 594 319 ursan
615 281 665 319 vn.
981 265 1040 320 205

131 389 158 441 in
170 401 270 457 equum
279 405 357 441 suum
370 389 534 456 ascenderet,
549 396 575 441 et
588 405 617 440 se
629 387 692 457 luga
709 389 831 458 eriperet.
868 391 941 442 Haec
959 405 1039 458 agen·

132 467 186 512 tem
210 459 299 510 anima
322 458 429 526 defecit,
451 475 597 526 corpusque
621 473 653 510 ex
672 473 739 526 equo
758 459 867 512 defluxit
888 461 912 512 in
933 469 1039 512 terram.

132 527 266 597 Hypsides
284 536 385 598 poterat
405 527 513 595 quidem
534 527 659 595 effugere,
682 528 728 578 sed
749 531 846 580 amisso
869 530 955 581 amieo
974 527 1041 581 mori

132 599 230 650 statuit.
266 598 325 650 Una
338 607 392 648 erat
406 613 475 664 cura,
489 613 523 647 ne
536 596 635 647 inultus
647 597 788 650 occideret.
825 599 917 666 ltaque
930 599 1041 650 subditis

132 667 279 720 calcarihus
291 683 366 736 equo,
382 668 405 718 in
424 666 525 718 medios
542 665 632 717 hostes
649 683 677 717 se
696 667 815 731 immisit,
829 677 855 717 et
875 668 1039 722 memorabili

133 737 205 789 edita
223 753 309 804 pugna
329 736 437 788 obrutus
464 735 525 809 ralis,
548 745 597 787 est.
633 735 708 794 Quod
730 735 773 787 ubi
793 736 882 788 videre
902 738 945 806 qui
965 738 1040 792 caedi

133 815 294 874 supererant,
308 806 438 856 tumulum
453 804 530 873 paulo
548 821 628 873 quarn
650 814 737 856 cetera
758 805 896 858 editiorem
917 809 1041 877 capiunt;

133 891 200 944 quos
223 875 391 944 Spitamenes
415 874 485 926 lame
512 875 539 926 in
564 875 727 926 deditionem
754 876 912 926 subacturus
929 876 1040 931 obsedit.

134 945 260 996 Cecidere
279 961 310 996 eo
331 943 427 1012 proelio
446 943 562 1012 peditum
585 945 609 996 ll
630 944 711 1010 milia,
725 945 788 996 CCC
806 945 918 1065 equites.
955 946 1041 1003 Quam

134 1014 239 1066 cladem
252 1013 403 1066 Alexander
415 1013 513 1065 sollerti
525 1013 633 1065 consilio
646 1014 718 1082 texit,
729 1022 812 1065 morte

134 1084 178 1153 qui
191 1101 224 1135 ex
236 1083 334 1152 proelio
346 1081 515 1151 advenerant,
530 1083 551 1134 si
564 1092 624 1134 acta
637 1081 799 1148 vulgassent.

169 1157 209 1203 ³³.
230 1153 351 1204 Ceterum
372 1169 434 1206 cum
457 1153 546 1204 animo
569 1151 700 1220 disparem
721 1151 823 1204 vultum
848 1152 950 1206 diutius
973 1153 1040 1207 serre

134 1237 184 1273 non
209 1230 304 1291 posset,
325 1223 348 1274 in
376 1221 573 1274 tabernaculum
599 1237 678 1290 super
704 1221 786 1292 ripam
811 1222 928 1274 fluminis
951 1223 1041 1277 dein·

134 1290 234 1343 dustria
251 1291 366 1344 locatum
384 1293 501 1344 secessit.
538 1290 578 1343 lbi
591 1291 646 1342 sine
658 1289 761 1343 arbitris
773 1291 876 1359 singula
888 1293 969 1345 animi
981 1311 1041 1346 cou-

135 1360 203 1412 sulta
231 1363 383 1430 pensando,¹
407 1369 513 1413 noctem
542 1360 652 1428 vigiliis*
668 1361 787 1428 extraxit,
819 1378 899 1430 saepe
929 1362 1043 1431 pellibus

134 1430 298 1482 tabernaculi
316 1431 445 1498 allevatis,
459 1438 487 1482 ut
506 1431 669 1499 conspiceret
687 1429 801 1483 hostiurn
820 1431 903 1500 ignes,
917 1449 932 1484 e
944 1433 1042 1501 quibus

134 1499 282 1568 conjectare
299 1509 405 1570 poterat,
419 1508 519 1569 quanta
537 1499 674 1552 hominurn
693 1499 835 1552 multitudo
855 1512 935 1553 esset.
970 1503 1042 1556 Jam-

134 1585 187 1638 que
214 1570 259 1622 lux
288 1570 437 1639 appetebat,
462 1587 525 1622 cum
555 1569 689 1622 thoracem
724 1569 833 1622 indutus
862 1571 979 1639 procedit
1007 1571 1042 1625 ad

133 1639 240 1708 milites,
255 1649 309 1692 turn
323 1641 436 1708 primum
450 1650 508 1708 post
520 1638 616 1691 vulnus
633 1639 752 1708 proxime
770 1641 936 1708 acceptum.v
956 1641 1043 1695 Tanta

134 1717 190 1761 erat
201 1709 272 1777 apud
284 1725 330 1760 eos
342 1709 476 1761 veneratio
498 1709 574 1776 regis,
589 1717 617 1760 ut
636 1708 715 1762 facile
735 1707 853 1776 periculi,
867 1710 937 1778 quod
956 1709 1042 1763 horre-

133 1777 205 1847 bant,
218 1779 402 1844 coffl'tationern
416 1779 566 1846 praesentia
578 1777 637 1846 ejus
649 1778 805 1831 excuteret.⁹
841 1777 916 1830 Laeti
935 1795 997 1846 ergo
1015 1789 1043 1832 et

133 1848 303 1900 manantibus
319 1847 427 1915 gaudio¹
439 1846 563 1915 lacrimis,
576 1845 741 1902 consalutant
760 1864 831 1912 eum,
845 1856 871 1900 et
892 1848 961 1917 quod
981 1858 1043 1901 ante

134 1924 321 1969 recusaverant
345 1916 455 1985 bellum,
479 1916 582 1968 feroces
604 1915 758 1984 deposcunt.
809 1916 857 1968 Ille
882 1934 911 1969 se
934 1917 1045 1970 ratibus⁴

134 1986 253 2053 equitem
282 1985 496 2054 phalangemque
521 1993 756 2054 transportaturum
786 2002 847 2038 esse
876 1986 1044 2056 pronuntiat;

133 2069 212 2123 super
230 2062 303 2107 utres
318 2054 394 2124 jubet
418 2071 479 2106 nare
498 2055 584 2106 levius
600 2063 725 2106 armatos.
761 2054 841 2107 Plura
860 2071 910 2106 nec
929 2053 982 2108 dici
1001 2072 1044 2109 res

133 2122 300 2194 desideravit,
320 2139 371 2176 nec
396 2141 440 2176 rex
463 2123 552 2175 dicere
576 2141 622 2193 per
640 2123 820 2176 valetudinem
839 2123 931 2193 potuit.
967 2125 1045 2178 Ceta-

133 2208 191 2244 rum
217 2201 289 2244 tanta
306 2193 441 2246 alacritate
460 2193 575 2244 militum
599 2202 669 2246 rates
691 2192 801 2262 junctae
820 2203 887 2261 sunt,
907 2195 980 2248 utin
999 2195 1042 2247 tri·

132 2260 227 2314 duum⁶
238 2262 270 2314 ad
285 2263 332 2315 Xll
343 2261 417 2314 milia
434 2263 546 2314 effectae
566 2263 627 2315 sint.
662 2265 777 2332 Jamque
797 2263 830 2314 ad
853 2265 1042 2317 transeundum

132 2332 222 2384 omnia
241 2339 403 2400 aptaverant,
422 2349 485 2384 cum
509 2331 590 2399 legati
609 2332 765 2402 Scytharum
785 2333 840 2402 XX,
859 2350 932 2386 more
955 2335 1044 2402 gentis

132 2417 180 2469 per
197 2411 283 2453 castra
304 2403 380 2471 equis
399 2402 476 2469 vecti,
491 2402 622 2454 nuntiare⁰
633 2402 726 2470 jubent
748 2403 810 2471 regi,
832 2402 900 2456 velle
919 2401 990 2481 ipsos
1008 2403 1042 2457 ad

132 2485 195 2524 anm
214 2471 338 2523 mandata
356 2471 481 2539 perferre.
518 2471 681 2532 Admissiin
700 2472 902 2524 tabernaculum
924 2473 1043 2543 Jussique

131 2540 267 2592 considere
281 2541 305 2592 in
320 2541 393 2593 vultu
413 2541 483 2610 regis
500 2539 648 2594 defixerant
666 2541 772 2610 oculos,
790 2541 869 2594 credo
888 2544 1043 2611 quiqmag·

131 2610 250 2662 nitudine
269 2611 383 2679 corporis
406 2611 525 2662 animum
549 2610 759 2679 aestimantibus,
780 2610 902 2662 modicus
925 2610 1044 2665 habitns⁷

132 2678 337 2748 haudquaquam
356 2680 446 2732 samaa
464 2679 671 2747 pervidebatur.
707 2677 813 2748 Scythis
831 2689 922 2732 autem
941 2697 1000 2751 non,
1013 2691 1057 2736 uts

844 1015 979 1067 enuntiata
991 1014 1040 1086 his,

161 2825 167 2848 ¹
177 2818 322 2878 Equivalent
333 2828 358 2866 to
367 2834 480 2880 pensans.

158 2879 238 2926 ’‘His
249 2893 363 2936 presence
374 2877 448 2925 drove
460 2891 528 2936 away
539 2891 587 2936 any
598 2875 699 2936 thought
711 2873 739 2922 ol
750 2874 792 2923 the
803 2874 909 2935 danger!

160 2937 223 2984 ’See
237 2939 316 2985 Grani.
329 2937 405 2988 iam.
437 2936 502 2983 Prae
515 2937 604 2996 gaudio
614 2934 696 2983 would
711 2934 773 2982 have
788 2936 851 2982 been
868 2936 993 2993 inmineat,
1006 2937 1043 2988 sor

135 3011 194 3064 prce
204 2997 223 3043 is
234 2997 293 3044 used
306 2997 329 3043 in
341 3011 410 3044 cases
421 2995 450 3043 of
460 2995 615 3054 prevention;
633 3011 651 3042 e.
662 3011 686 3056 g.
701 2993 748 3041 ‘he
764 2993 836 3041 could
853 3004 894 3042 not
911 2996 988 3055 epeak
1006 2997 1042 3046 sor

133 3054 194 3116 roy)
228 3055 474 3114 sceaumpatato.

160 3113 230 3161 “On
248 3114 322 3162 ralrsf
361 3114 383 3160 lt
405 3114 425 3161 is
446 3113 503 3172 only
525 3113 565 3161 the
586 3123 655 3174 poete
678 3112 733 3160 who
754 3127 798 3162 use
820 3121 882 3162 ratae
903 3114 940 3163 scr
959 3117 1040 3172 navia,

131 3177 239 3300 'vlitis
250 3232 270 3278 is
282 3231 457 3302 anrcmarkalble
468 3231 588 3300 deviation
599 3228 660 3300 from
672 3231 712 3300 the
724 3231 806 3282 ordina
843 3231 894 3281 rule
903 3233 939 3280 lor
948 3233 988 3282 the
998 3248 1040 3282 ex·

131 3304 240 3350 pressron
250 3291 278 3338 ol
285 3301 343 3339 tuna
351 3290 437 3337 wrthm
448 3289 526 3339 which
538 3291 676 3351 something
687 3306 707 3339 rs
718 3291 788 3340 done.
834 3308 862 3340 ea
875 3292 956 3340 Graan.
965 3291 978 3343 l
986 3295 1039 3350 308,

132 3360 187 3397 note
199 3355 220 3399 3.

159 3409 224 3458 'See
235 3421 300 3464 nora,
314 3409 347 3456 iii.
359 3412 396 3456 3⁰.

160 3473 168 3495 ¹
178 3467 251 3517 Credo
257 3471 310 3530 qais
319 3475 326 3524 (
341 3470 419 3522 aibas)
429 3501 449 3534 :·
489 3469 617 3523 videatur,
625 3467 735 3517 loteredo
745 3473 807 3531 qaod
812 3471 843 3518 iia
853 3505 859 3519 .
868 3505 873 3518 .
882 3506 888 3519 .
897 3470 1039 3520 ciriacae

131 3525 237 3578 Habitus
246 3484 389 3577 reserslrere
400 3525 542 3586 pnncrpally
553 3535 578 3575 to
588 3536 689 3576 stature.
