2410 3890
556 290 647 330 urana
666 289 707 332 vr.
894 329 900 337 ,
1029 277 1080 331 141

178 399 256 469 losse,
269 399 382 470 plurimo
394 397 523 465 sauguine
536 396 628 466 effuso,
641 369 784 453 destituere
795 402 978 471 pugnantem.¹
1014 402 1082 470 Ergo
1126 428 1131 436 ν

178 469 273 538 clypeo
292 485 338 523 suo
356 467 510 537 exceptum²
520 467 643 534 armigeri
663 469 757 537 raptim
775 468 801 522 in
820 480 906 523 castra
923 470 1081 541 referebant,

181 539 351 608 jactatiopem
370 537 508 589 vulnerum
529 534 601 588 haud
620 535 697 589 lacile
716 539 880 592 tolerantem.
916 540 974 593 Non
994 549 1082 594 tamen

177 609 292 661 omisere
316 603 517 660 Lacedaemonii
541 621 666 674 pugnarn,
687 616 714 659 et
738 619 766 659 ut
790 609 903 677 primum
928 609 977 661 sibi
1002 626 1082 678 quam

180 677 248 730 hosti
265 677 417 746 aequiorem
437 674 523 727 locum
540 691 637 743 capere
655 685 801 744 potuerunt,
814 677 931 729 densatis
949 678 1084 732 ordinibus

180 747 266 799 effuse
278 747 406 799 fluentem
420 745 445 796 in
458 760 487 794 se
499 743 584 796 aciem
599 761 737 814 excepere.
773 746 832 798 Non
850 746 923 798 aliud
941 747 1083 800 discrimen

169 815 366 868 uehementius
379 813 460 866 luisse
479 815 621 866 memoriae
641 813 771 882 proditum
791 824 839 867 est.
876 817 991 868 Duarum
1010 818 1080 870 nobi·

180 885 341 938 lissimarum
361 883 429 935 bello
446 883 566 950 gentium
585 883 718 936 exercitus
738 884 793 954 pari
814 885 901 937 Marte
922 885 1082 954 pugnabant.

180 953 383 1006 Lacedaemonii
404 961 501 1020 vetera,
523 952 688 1005 Macedones
710 954 860 1022 praesentia
882 953 977 1006 decora
1000 955 1083 1007 intue-

180 1023 289 1076 bantur:
319 1022 355 1075 illi
380 1038 424 1091 pro
448 1021 568 1074 libertate
598 1021 625 1072 hi
649 1038 694 1091 pro
714 1021 892 1076 dominatione
917 1023 1082 1092 pugnabant:

181 1091 398 1144 Lacedaemoniis
406 1090 466 1158 dux,
476 1060 669 1144 Macedonibus
681 1091 755 1144 locus
766 1092 876 1145 deerat.⁸
910 1092 970 1145 Diei
978 1107 1083 1161 quoque

180 1161 258 1213 nnius
276 1173 330 1214 tarn
348 1159 487 1228 multiplex
503 1177 582 1212 casus
599 1161 677 1212 modo
689 1177 772 1231 spem,
786 1161 866 1215 modo
876 1169 976 1214 metum
992 1161 1083 1214 utrius·

179 1247 233 1298 que
250 1231 332 1298 partis
348 1229 470 1297 augebat,
484 1228 556 1280 velut
574 1230 608 1280 de
628 1229 753 1282 industria
772 1231 838 1284 inter
850 1231 1005 1283 fortissimos
1017 1232 1084 1282 viros

179 1303 313 1352 certamen
332 1311 464 1368 aequante
476 1297 588 1350 fortuna.
625 1302 747 1352 Ceterum
766 1301 904 1368 angustiae
923 1299 980 1367 loci,
994 1302 1084 1368 inquo

180 1367 301 1421 haeserat
320 1385 414 1438 pugna,
428 1385 478 1420 non
492 1367 657 1438 patiebantur
669 1369 731 1422 totis
743 1369 843 1438 ingredi
855 1369 969 1422 viribus:
989 1385 1083 1438 expec-

180 1437 270 1490 tabant
289 1455 350 1506 ergo
371 1437 458 1507 plures
475 1453 557 1506 quarn
576 1437 687 1490 inierant
706 1439 843 1507 proelium,
856 1449 883 1493 et
895 1437 940 1509 qui
952 1447 1025 1492 extra
1038 1438 1082 1490 teli

181 1506 283 1576 jactum
296 1517 368 1560 erant
381 1507 496 1559 clamore
508 1507 624 1560 invicem
637 1524 698 1560 suos
710 1508 901 1562 accendebant.

215 1582 237 1628 2.
257 1577 376 1630 Tandem
396 1577 528 1629 Laconum
547 1577 619 1628 acies
637 1577 827 1647 languescere-,⁴
838 1577 939 1631 lubrica
956 1593 1030 1628 arma
1042 1593 1084 1628 su·

178 1645 241 1699 dore
258 1646 304 1700 vix
321 1646 460 1714 sustinens,
474 1645 572 1714 pedem
589 1645 685 1699 deinde
708 1647 804 1700 referre
823 1647 909 1715 coepit
929 1655 956 1698 et
975 1654 1083 1712 urgente

179 1714 254 1768 hoste
281 1717 398 1785 apertius
424 1714 524 1782 lugere.
568 1715 758 1785 lnsequebatnr
781 1717 920 1786 dissipatos
942 1714 1032 1780 victor,
1057 1722 1084 1766 et

179 1801 305 1837 emensus
327 1801 403 1837 cursu
427 1801 506 1836 omne
529 1785 651 1852 spatium,
672 1785 741 1855 quod
764 1786 836 1838 acies
859 1787 994 1838 Laconum
1017 1782 1083 1835 obti-

178 1862 278 1921 nuerat,
298 1853 385 1922 ipsum
403 1854 471 1920 Agin
493 1852 708 1922 persequebatur.
745 1854 800 1922 llle,
820 1864 848 1907 ut
868 1854 959 1922 lugam
979 1867 1082 1904 suorum

177 1931 205 1974 et
218 1923 348 1992 proximos
360 1921 474 1974 hostium
487 1923 630 1990 conspexit,
644 1921 741 1991 deponi
753 1941 781 1974 se
793 1922 885 1992 jussitr
904 1931 1079 1992 expertusque

179 1991 309 2060 membra,
329 2008 362 2042 an
387 1990 517 2058 impetum
540 1991 622 2042 animi
646 1993 721 2060 sequi
744 2003 858 2060 possent,
880 2001 1017 2060 postquam
1037 1989 1082 2040 de·

179 2059 269 2113 licere⁵
292 2059 380 2126 sensit,
402 2059 543 2128 poplitibus
566 2070 652 2112 semet
675 2059 799 2129 excepit,⁸
820 2061 951 2129 galeaque
974 2070 1079 2112 strenue

179 2137 292 2198 sumpta,
314 2128 407 2198 clypeo
431 2136 570 2198 protegene
593 2145 697 2198 corpus,
719 2129 822 2184 hastam
843 2131 934 2183 dextra
955 2127 1081 2195 vibrabat,

160 2198 161 2201 ’
178 2198 245 2250 ultro
264 2214 361 2250 vocans
381 2197 492 2265 hostem,
506 2197 527 2250 si
545 2199 605 2267 quis
623 2197 720 2268 jacenti
740 2199 821 2268 spolia
839 2201 947 2252 demere
964 2197 1081 2250 auderet.

135 2294 141 2308 ·
177 2268 237 2320 Nec
248 2269 386 2338 quisquam
399 2266 455 2335 luit,
466 2266 511 2336 qui
524 2269 662 2335 sustineret
674 2268 964 2336 comminuscongredi,
991 2265 1082 2318 Procul

177 2336 322 2390 missilibus
339 2336 519 2407 appetebatur,
533 2353 565 2388 ea
584 2337 641 2406 ipsa
659 2337 685 2390 in
704 2338 807 2392 hostem
824 2348 982 2407 retorquens,
996 2334 1082 2388 donec

178 2405 271 2459 lancea
289 2407 358 2460 nudo
377 2406 474 2475 pectori
487 2405 567 2458 infixa
579 2415 635 2458 est:
655 2421 708 2476 qua
720 2423 753 2460 err
766 2408 874 2462 vulnere
887 2406 995 2473 evolsa,⁷
1008 2404 1080 2456 incli-

177 2485 268 2529 natum
288 2493 321 2528 ac
341 2475 469 2530 deficiens
487 2484 567 2544 caput
588 2475 682 2546 clypeo
702 2476 836 2555 paulisper
854 2477 966 2546 excepit,
985 2473 1082 2526 deinde

176 2547 313 2616 linquente
333 2545 422 2615 spiritu
445 2545 541 2612 pariter
560 2561 592 2596 ac
616 2561 752 2614 saugulne,
775 2547 946 2600 moribundus
964 2545 989 2594 in
1009 2559 1083 2594 arma

188 2763 193 2774 ⁸
207 2711 214 2734 ¹
227 2710 233 2732 ‘
244 2705 289 2752 His
300 2703 382 2764 thighe
391 2702 502 2772 deserred
514 2702 554 2750 the
564 2703 668 2751 warrior'
682 2710 732 2758 (see
740 2714 797 2774 ¹note
808 2703 839 2751 ir.
851 2707 904 2761 34);
922 2704 1014 2760 thetis,
1030 2703 1082 2752 ‘his

177 2763 249 2812 lrmbs
269 2762 364 2811 relused
381 2762 431 2812 brut
450 2762 567 2830 support!
599 2763 637 2809 As
649 2771 673 2810 to
682 2764 785 2824 semeso,
798 2778 888 2811 amore
899 2779 1010 2811 common
1021 2763 1081 2811 lorm

178 2823 235 2870 than
262 2825 598 2877 enwro‚seenoteonru.30.

205 2886 216 2910 ²
250 2897 321 2928 ewas
332 2880 379 2928 leid
390 2895 454 2940 upon
465 2879 502 2928 his
513 2878 600 2936 thieto,
610 2879 689 2948 uhich
697 2895 747 2928 was
755 2879 814 2928 then
822 2879 900 2929 raised
910 2890 936 2929 to
946 2881 987 2930 the
998 2881 1080 2930 shoul-

177 2939 233 2987 ders
244 2939 272 2987 os
277 2940 347 2987 those
358 2939 414 2988 who
425 2955 489 2986 were
500 2949 525 2986 to
537 2940 594 2986 bear
604 2938 662 2986 lum.

206 3003 215 3026 ³
227 2998 297 3045 ‘The
307 2997 478 3046 Macedoniam
488 2998 533 3045 had
545 3009 586 3065 not
594 2997 752 3046 afevourable
764 2998 889 3058 position3’
902 2998 994 3056 thetis,
1009 2998 1081 3058 ‘they

177 3057 343 3126 lradUuoUroom
354 3067 380 3104 to
390 3057 479 3138 extend
490 3057 552 3106 their
562 3055 619 3113 line,
632 3056 679 3105 end
688 3057 744 3104 take
755 3057 888 3118 mrantage
899 3057 926 3106 ol
937 3058 1000 3108 their
1009 3073 1080 3117 supe-

177 3117 534 3230 rrqrqqrpip'qrrqpaelrsffinim
547 3175 589 3247 the
600 3174 664 3223 lorce
674 3173 702 3223 ol
714 3174 794 3225 which
805 3174 827 3223 is
837 3175 984 3224 maintained
999 3175 1024 3222 in
1039 3175 1080 3222 the

177 3233 283 3379 sOlll‘lv'llo
311 3232 395 3339 qlcqqnsq
405 3234 670 3374 bblllleoiopibltberlessss

204 3359 214 3439 l
225 3351 266 3460 Irl1
267 3350 428 3470 qprqpkhqppln
437 3350 478 3458 lllb
488 3351 593 3460 ¹lblteteesro
605 3425 654 3458 was
672 3410 784 3472 followed
800 3412 834 3517 lap
843 3429 857 3458 o
871 3410 896 3458 in
914 3409 983 3458 those
1000 3407 1081 3468 places

178 3470 258 3519 where
267 3469 363 3529 latterly
372 3469 439 3518 there
447 3469 516 3518 stood
525 3485 554 3526 rr,·
567 3469 613 3518 and
621 3469 771 3519 thislormof
777 3479 813 3518 ort
831 3467 996 3537 ographywss
1002 3481 1080 3516 some·

177 3530 248 3578 times
259 3528 368 3580 retained
378 3529 411 3589 by
421 3527 491 3576 those
502 3529 601 3578 authors
612 3528 668 3577 who
678 3528 781 3578 affected
791 3527 931 3583 archarsms.
