2264 3880
52 3568 73 3608 k

157 233 215 287 306
424 246 464 286 ur
487 247 594 288 ossrrs
615 247 797 288 rcsxruuru.

157 357 269 427 deserto,
288 371 351 409 oum
374 353 493 426 pluribus
511 363 629 409 vestmm
653 355 807 410 defuturum
826 357 962 410 viaticum
987 357 1058 426 fuerit,

157 427 184 482 ni
201 445 248 480 aes
265 426 384 479 alienum
402 425 529 478 luissem:
548 442 646 496 nempe
665 425 691 477 in
711 427 830 478 Asiatica
854 427 981 494 praeda.¹
1014 429 1059 480 Nec

156 497 239 566 pudet
256 495 386 566 profundo
405 503 496 547 ventre
520 494 687 548 devictarum
708 495 828 562 gentium
853 496 944 564 spolia
962 497 1059 550 obsum·

156 567 278 636 ferentes,
298 563 394 618 reverti
412 563 482 616 velle
500 565 535 616 ed
553 564 650 617 liberos
668 564 857 634 conjugesque‚
872 565 979 634 quibus
997 568 1059 636 pauci

156 635 275 706 praemia
286 636 412 688 victoriae
431 634 541 704 potestis
557 634 705 690 ostendere.
741 635 813 686 Nam
831 643 998 706 ceterorum,
1010 636 1058 688 duur

156 704 237 758 etiam
257 705 314 775 spei
333 712 436 756 vestrae
455 704 560 756 obviam
580 704 642 774 istis,
661 719 736 756 arma
754 719 860 823 rpuoque
881 704 990 774 pignori
1006 718 1058 758 suut.

157 774 237 828 Bonis
254 791 316 826 vero
340 771 468 826 militibus
490 774 619 826 cariturus
642 789 709 842 sum,
728 772 856 842 pelicum
882 791 1000 827 suarum
1015 792 1059 827 oon·

156 843 275 900 cubinis:
294 843 389 913 quibus
401 841 451 894 hoo
463 841 549 894 solum
561 858 595 895 ex
607 843 687 894 tantis
703 842 797 911 opibus
810 852 945 912 superest,
961 845 989 896 in
1007 843 1060 914 quol

156 913 338 982 impenditur.²
373 911 486 965 Proinde
499 909 660 980 fugientibus
672 929 716 964 rue
728 920 836 981 pateant
847 911 972 965 limites:
993 913 1060 966 faces·

157 985 206 1036 site
229 982 291 1036 hino
315 981 404 1050 ocius3
423 997 472 1102 ego
491 997 553 1033 eum
572 981 660 1034 Persis
678 980 836 1034 abeuntium
859 989 941 1049 terga
961 983 1059 1036 tutabor.

156 1053 300 1106 Neminem
323 1060 416 1104 teneo:
453 1050 552 1103 iberate
575 1050 666 1103 oculos
688 1066 770 1118 meos,
791 1050 975 1117 ingratissimi
993 1054 1061 1104 circs.

156 1121 232 1174 Laeti
245 1139 291 1174 vos
304 1121 438 1189 excipient
450 1128 574 1189 parentes
585 1119 713 1189 liberique
732 1119 789 1170 sine
802 1128 892 1170 vestro
912 1137 983 1188 rege
1001 1121 1061 1174 rede

157 1189 250 1244 untes!
265 1189 372 1244 obviam
381 1188 642 1242 ibuntdesertoribus
651 1187 863 1256 transfugisquel
886 1189 1061 1260 Triumphsbo

155 1259 309 1314 mehercule
322 1259 433 1326 defuga
444 1268 539 1327 vestm,
553 1265 580 1310 et
592 1257 741 1328 ubicunque
754 1274 805 1326 ero,
819 1267 953 1326 expetam
968 1277 1061 1329 poenas

155 1327 211 1396 hos,
222 1345 284 1384 oum
297 1327 395 1398 quibus
403 1343 448 1379 mc
458 1327 613 1397 relinquitis,
623 1327 734 1380 colendo
743 1325 982 1398 praeferendoque
994 1330 1061 1382 vobs.

154 1397 214 1451 lem
227 1406 318 1450 eutem
331 1396 428 1465 scietis,
442 1404 469 1448 et
488 1404 616 1466 quantum
635 1397 692 1450 siue
710 1413 773 1465 rege
786 1395 875 1449 valeat
888 1399 1033 1468 exercitus,
1043 1411 1062 1450 er

155 1465 218 1535 quid
231 1467 289 1536 opis
300 1465 326 1520 in
340 1482 384 1519 me
397 1482 449 1520 uno
461 1465 504 1518 sit.

193 1541 232 1588 11.
251 1535 363 1590 Desiluit
381 1534 479 1588 deinde
499 1533 624 1588 frendens
643 1533 677 1588 de
698 1534 828 1604 tribunali,
850 1545 879 1588 et
900 1535 930 1588 in
952 1537 1063 1590 medium

154 1614 315 1660 armatorum
337 1621 435 1674 agmen
452 1621 481 1656 se
500 1604 618 1672 immisit,
639 1614 741 1658 notatos
760 1619 875 1674 quoque,
897 1607 949 1674 qui
969 1607 1062 1660 ferocis

155 1674 223 1728 simo
235 1674 351 1728 oblocuti
363 1682 445 1742 erant,
455 1673 571 1741 singulos
583 1689 665 1728 manu
677 1674 807 1743 corripuit,
817 1683 868 1726 heo
881 1691 970 1729 ausos
981 1691 1062 1744 repug·

154 1761 226 1813 nare,
236 1743 364 1798 tredecim
376 1743 551 1798 asservandus
561 1741 716 1796 custodibus
727 1741 841 1812 corporis
851 1743 980 1798 tradidit.
1009 1746 1064 1804 Quis

154 1813 282 1883 crederet,
303 1830 413 1866 saevam
432 1811 510 1882 paulo
530 1821 593 1864 ante
617 1813 766 1866 contionem
789 1812 964 1880 obtorpuisse
989 1815 1063 1868 subito

155 1892 236 1952 metu,
255 1891 363 1938 etcum
385 1881 420 1936 ad
439 1881 604 1952 supplicium
617 1879 721 1936 videret
739 1879 894 1936 trauntur}
912 1899 1001 1936 ausos
1017 1901 1063 1952 grt-

154 1953 227 2006 viora
238 1969 319 2022 quem
330 1961 434 2005 ceteros
470 1953 487 1987 *
524 1951 553 1986 *³
587 1951 643 2004 sive
661 1951 783 2020 nominis,
796 1949 866 2020 quod
880 1961 1064 2023 gentequ

154 2020 204 2075 sub
216 2021 321 2090 regibus
332 2029 401 2090 sunt,
416 2021 483 2074 inter
495 2021 560 2073 deos
578 2020 676 2088 colunt,
689 2021 746 2072 sive
765 2021 869 2090 propria
890 2021 984 2090 ipsius
995 2039 1064 2076 vens·

154 2091 227 2159 ratio,
246 2091 303 2143 sive
327 2089 426 2144 fiducia
449 2098 523 2144 tanta
540 2089 566 2142 vi
584 2090 732 2142 exercentis
756 2090 900 2159 imperium
923 2091 1066 2146 contermit

154 2175 214 2212 eos:
233 2159 364 2228 singulare
376 2166 448 2214 certe
461 2158 600 2212 ediderunt
612 2157 754 2228 patientiae
767 2158 933 2230 exemplum,
948 2163 1065 2230 adeoque

154 2243 205 2281 non
223 2236 285 2280 sunt
302 2229 409 2295 accensi
432 2228 560 2299 supplicio
584 2227 774 2296 comilitouum,
793 2244 857 2280 curn
884 2229 939 2285 sub
966 2241 1066 2285 noctem

154 2295 306 2348 interfectos
324 2313 384 2350 esse
404 2306 560 2365 cognossent
579 2305 608 2350 ut
627 2297 694 2350 nihil
712 2297 855 2366 omiserint,
875 2300 954 2368 quod
977 2299 1066 2370 singuli

218 2366 241 2418 is
257 2364 413 2418 obedienter
431 2373 458 2418 et
475 2365 520 2443 pie
537 2366 676 2420 fecerent.⁴
710 2366 781 2420 Nam
806 2383 869 2420 cum
894 2379 1008 2438 postero
1031 2369 1066 2422 die

154 2381 279 2488 ¹¹inhibiti
296 2433 371 2488 editu
384 2436 526 2506 venissent,
539 2437 664 2490 Asiaticis
683 2436 763 2490 modo
781 2435 914 2490 militibus
932 2438 1066 2505 admissis,

153 2451 314 2575 lugubrem,⁵
338 2505 399 2558 totis
427 2505 519 2558 castris
548 2505 656 2559 edidere
688 2505 841 2574 clamorem,
865 2505 1067 2576 denuntiantes

152 2575 271 2646 pmtinus
282 2591 342 2628 esse
354 2574 513 2646 morituros,⁶
525 2575 548 2628 si
560 2592 607 2628 rex
619 2583 800 2655 perseveraret
812 2575 901 2627 irasci.

190 2650 230 2700 12.
249 2647 285 2698 At
297 2644 342 2698 ille
354 2644 501 2714 perpicacis
512 2645 546 2697 ad
558 2660 647 2697 omma
665 2661 734 2714 quae
742 2645 868 2722 agitasset
886 2646 988 2717 animi,
1001 2663 1069 2718 pere

151 2715 285 2782 grinorum
308 2714 424 2768 militum
447 2713 598 2781 contionem
620 2684 745 2767 advocari
765 2714 848 2784 jubet,
868 2684 1070 2770 Macedonibus

152 2783 221 2836 intra
243 2795 330 2838 costra
347 2783 485 2838 cohibitis:
504 2791 612 2836 etcum
630 2782 784 2853 frequentes
802 2786 929 2854 coissent,
952 2787 1071 2840 adhibito

152 2853 293 2921 interprete
318 2853 401 2906 talem
424 2852 570 2906 orationem
595 2851 704 2906 hebuit:
731 2853 799 2907 Cum
816 2869 852 2907 ex
868 2852 989 2925 Europa
1005 2855 1071 2924 traji-

152 2967 156 2972 “
182 2966 187 2987 ¹
197 2957 227 3006 In
238 2958 282 3006 hss
293 2959 350 3010 here
361 2961 402 3008 the
414 2959 478 3008 force
489 2958 517 3006 of
532 2958 778 3019 ‘notwithstanding‘
868 3009 872 3020 ,

179 3017 315 3078 ’Ναῐιιείῃ
329 3018 370 3066 the
381 3019 527 3066 concubinos
536 3017 618 3066 whom
629 3017 670 3065 the
682 3017 783 3066 soldiers
795 3017 939 3077 supported.

179 3075 270 3149 '‘Some
283 3077 362 3126 words
373 3079 434 3127 bove
445 3077 514 3138 dropt
525 3085 569 3126 out
579 3076 645 3134 here,
658 3077 719 3126 such
730 3093 757 3124 as
772 3094 803 3124 ne
817 3093 894 3126 socen
909 3081 1015 3139 quidm
1025 3097 1072 3129 ros·

150 3138 257 3243 winili..
274 3134 435 3256 summ·
467 3195 529 3244 This
545 3195 566 3244 is
581 3209 674 3244 amore
691 3193 778 3243 diffuse
794 3193 865 3243 modo
881 3195 912 3243 of
923 3200 1073 3258 expressius

152 3254 219 3301 ‘that
236 3266 268 3334 up
284 3248 329 3300 bne
347 3253 418 3300 could
434 3252 496 3300 heve
512 3253 647 3301 conducted
666 3253 768 3301 himself
785 3253 808 3301 in
829 3269 846 3301 a
862 3269 933 3304 more
959 3259 1073 3307 obedient

149 3325 385 3416 millepedam-wan
394 3367 410 3424 ;’
424 3367 476 3416 that
487 3369 517 3438 is,
529 3385 544 3416 s
554 3367 610 3416 weil
626 3369 687 3418 such
703 3387 730 3420 as
745 3371 767 3419 is
782 3370 862 3420 raised
878 3387 942 3422 over
956 3391 1072 3437 corpssst

149 3425 185 3472 for
195 3429 284 3487 lugere,
298 3430 385 3484 luctus,
396 3429 515 3487 lugubris,
528 3426 560 3475 all
571 3427 669 3476 referto
680 3428 761 3477 deuth.

178 3483 229 3530 ‘Se
240 3485 260 3531 is
271 3483 382 3541 omitted,
395 3500 422 3533 as
433 3483 569 3544 frequently
581 3485 605 3532 iu
617 3485 727 3544 Curtius,
739 3487 801 3537 ‘efter
811 3489 885 3537 verbs
897 3489 927 3538 of
933 3491 1073 3555 dsclnring.
1098 3545 1099 3558 ἶ
