2410 3890
506 254 597 294 urana
618 255 645 294 v.
971 239 1027 297 lot
1077 261 1080 282 ι

122 359 214 430 lapide
238 361 364 430 quadrato
386 361 472 414 solum
499 371 609 415 stratum
632 369 680 432 est,
704 362 807 432 patiens
830 377 922 434 terrae,
947 379 1027 433 quam

122 429 206 484 altam
226 431 353 500 injiciunt,
366 441 392 483 et
405 430 528 499 humoris,
542 448 593 500 quo
611 431 694 499 rigant
712 440 809 486 terras:
828 433 949 502 adeoque
961 432 1025 486 vali·

122 498 173 552 das
190 499 296 552 arbores
314 499 442 554 sustinent
460 501 551 569 moles,
571 508 599 553 ut
617 501 720 569 stipites
737 518 828 554 earum
847 503 908 555 VIII
928 502 1027 555 cubito·

123 584 182 622 turn
205 572 318 636 spatium
337 569 509 622 crassitudine
528 570 691 638 aequantia
708 569 729 622 L
744 570 843 638 pedum
861 570 1027 624 altitudinem

124 638 268 708 emineant,
288 637 428 706 frugiferae
452 655 537 708 aeque
561 639 619 707 sint,
637 646 666 690 ut
685 639 708 690 si
732 647 799 690 terra
818 657 867 692 sua
885 639 1026 692 alerentur.

124 707 242 760 Etcum
263 715 379 760 vetustas
401 724 451 760 nou
476 723 553 776 opera
576 708 660 760 solum
683 706 858 776 manufacta,
878 708 925 761 sed
945 709 1027 761 etiarn

124 775 211 843 ipsam
234 781 356 828 naturam
380 776 508 846 paulatim
528 775 665 830 exedendo
687 777 816 846 pedmat:
843 775 910 829 haec
932 778 1024 846 moles,

145 861 195 896 uae
213 852 249 896 tot
266 844 389 899 arborum
406 846 538 899 radioIbus
574 847 688 913 remitur‚
702 844 819 914 tantique
830 845 945 898 nemoris
962 862 1025 914 pou·

124 860 189 965 dere
208 924 316 966 onerata
335 923 383 983 est,
404 913 528 968 inviolata
566 927 636 984 urat;
661 914 759 1034 quippe
777 914 825 968 XX
843 913 890 967 lati
910 915 1026 983 parietes

127 982 265 1051 sustinent,
289 983 414 1036 undecim
440 984 538 1054 pedum
564 983 702 1037 intervalo
725 983 859 1052 distantes,
883 993 912 1036 ut
953 982 1025 1035 rooul

124 1051 272 1105 visentibus
284 1052 366 1104 silvae
378 1053 512 1106 montibus
529 1053 582 1105 suis
600 1051 738 1105 imminere
751 1053 898 1106 videantur.
934 1000 1025 1121 iyriae

126 1135 224 1188 regem,
245 1120 379 1190 Babylone
403 1130 564 1189 regnantem,
585 1120 635 1174 hoc
658 1138 724 1190 opus
747 1138 806 1174 esse
829 1121 949 1174 molitum
970 1137 1024 1173 rne-

124 1190 223 1242 moriae
241 1191 370 1259 proditum
389 1200 436 1260 est,
449 1207 537 1242 amore
556 1190 672 1260 conjugis
685 1192 803 1260 victum‚¹
815 1206 883 1260 quae
895 1188 1025 1242 desiderio

124 1273 263 1312 nemorum
281 1259 457 1328 silvarumque
476 1261 503 1312 in
520 1259 710 1328 campestribus
724 1259 788 1312 locis
801 1261 885 1314 virum
898 1258 1024 1330 compulit

124 1327 311 1382 amoenitatem
325 1337 432 1381 naturae
442 1345 539 1396 genere
552 1328 630 1398 hujus
641 1328 728 1396 operis
740 1328 855 1381 imitari.²

160 1400 184 1447 6.
204 1396 306 1448 Diutius
326 1397 351 1449 in
372 1396 422 1450 hac
442 1397 507 1450 urbe
526 1414 607 1476 quarn
627 1413 738 1466 usquam
759 1398 874 1450 constitit
895 1414 954 1451 rex:
974 1413 1024 1450 nec

124 1463 175 1520 alio
195 1464 252 1517 looo
270 1465 423 1534 disciplinae
441 1466 546 1518 militarr
564 1466 648 1534 magis
665 1465 761 1518 nocuit.
796 1467 869 1520 Nihil
884 1466 954 1519 urbis
965 1466 1024 1535 ejus

124 1535 270 1603 corruptius
288 1535 407 1603 moribus,
425 1534 488 1587 nihil
507 1535 541 1588 ad
560 1535 696 1587 irritandas
713 1533 911 1604 illiciendosque
929 1535 1023 1587 immo·

124 1601 198 1654 dicas
216 1602 373 1672 cupiditates
392 1605 551 1657 instructius.
587 1603 692 1656 Liberos
704 1602 880 1672 conjugesque
893 1620 952 1656 oum
965 1602 1023 1656 hos·

124 1671 240 1740 pitibus³
262 1681 348 1741 stupro
368 1673 437 1724 coire
459 1672 535 1724 modo
554 1673 666 1740 pretium
687 1672 779 1740 flagitii
799 1672 882 1740 detur,
901 1682 1024 1741 parentes

125 1741 262 1809 maritique
282 1741 421 1810 patiuntur.
457 1741 612 1794 Convivales
634 1741 689 1794 ludi
713 1751 765 1793 tota
788 1741 895 1794 Perside
917 1742 1023 1808 regibus

124 1809 324 1878 purpuratisque
344 1809 415 1862 cordi
440 1819 507 1878 sunt,
528 1809 665 1879 Babylonii
689 1811 806 1864 maxime
831 1811 856 1862 in
876 1811 975 1877 vinum,
996 1819 1022 1862 et

124 1895 192 1947 quae
205 1879 360 1932 ebrietatem
373 1889 522 1948 sequuntur,
536 1878 612 1930 effusi
626 1887 693 1930 sunt.
720 1878 887 1930 Feminarum
902 1878 1023 1930 convivia

124 1947 270 2000 ineuntium
291 1948 316 1999 in
341 1948 466 2016 principio
486 1945 621 1998 modestus
640 1956 681 1999 est
703 1946 815 2009 habitus,
835 1946 896 1998 dein
917 1962 1022 1997 summa

123 2033 191 2086 quae
213 2032 245 2068 ue
265 2016 381 2068 amicula
400 2024 506 2082 exuunt,
526 2015 705 2084 paulatimque
729 2013 855 2093 pudorem
875 2013 1020 2084 profanant,

123 2085 157 2138 ad
182 2034 305 2138 uitimum
328 2084 420 2155 (honos
449 2084 556 2136 auribus
585 2084 689 2143 habitus
717 2085 780 2150 srt⁴l
809 2083 863 2156 ima
886 2099 1022 2153 corporum

124 2153 274 2206 velamenta
300 2153 445 2223 projiciunt.
480 2154 538 2206 Nec
564 2154 732 2206 meretricum
758 2151 808 2206 lroc
830 2151 949 2208 dedecus
972 2161 1020 2221 est,

124 2223 171 2276 sed
188 2226 375 2276 matronarum⁵
392 2223 582 2292 virginumque,
600 2223 671 2291 apud
688 2239 754 2291 quas
773 2221 892 2276 comitas⁶
910 2221 1023 2276 habetur

123 2291 222 2360 vulgati
247 2292 361 2361 corporis
383 2292 480 2345 vilitas.
517 2293 585 2345 Inter
608 2291 675 2345 haec
699 2291 798 2360 flagitia
822 2292 952 2346 exercitus
976 2291 1021 2344 ille

123 2360 233 2414 domitor
245 2362 325 2417 Asiae
337 2378 383 2440 per
394 2361 501 2415 XXXIV
512 2361 570 2414 dies
588 2363 727 2430 saginatus,
740 2360 775 2413 ad
793 2379 825 2414 ea
842 2378 909 2430 quae
928 2377 1021 2482 seque·

120 2430 218 2484 bantur
233 2429 385 2484 discrimtna
404 2431 475 2484 haud
494 2430 575 2483 dubie
592 2430 704 2483 debilior
717 2429 819 2483 futurus
836 2430 905 2498 luit‚⁷
922 2431 944 2482 si
981 2446 1022 2482 os·

123 2509 178 2552 tem
207 2499 350 2553 habuisset.
392 2500 523 2569 Cetemm‚
553 2515 604 2567 quo
633 2501 721 2553 minus
750 2498 877 2552 damnum
906 2498 1019 2565 sentiret,

122 2567 268 2621 identidem
303 2569 480 2621 incremento⁸
515 2567 695 2620 renovabatur.
739 2567 862 2635 Namque
891 2567 1021 2635 Amyntas

122 2637 300 2690 Andromeni⁹
321 2637 356 2691 ab
378 2637 506 2706 antipatro
529 2635 708 2689 Macedonum
737 2636 856 2704 peditum
879 2651 926 2686 sex
947 2635 1022 2688 milia

122 2705 248 2758 adduxit:
275 2707 299 2760 D
321 2715 457 2776 praeterea
481 2705 600 2775 ejusdem
623 2705 729 2772 generis
751 2703 869 2772 equites:
894 2719 957 2755 curu
980 2703 1022 2756 his

122 2774 167 2828 DC
184 2775 308 2845 Thracas,
328 2775 460 2846 adjunctis
484 2774 636 2844 peditibus¹⁰
658 2790 721 2826 suae
744 2771 830 2840 gentis
853 2771 889 2824 III
912 2769 1022 2826 milibus

122 2872 158 2932 μ’
170 2905 215 2953 See
225 2907 322 2967 Zumpt,
336 2906 409 2958 ΗΜ.
440 2905 488 2953 We
499 2921 542 2966 say
551 2903 650 2964 rnerely·¹
665 2903 740 2952 ‘from
751 2903 804 2952 love
815 2912 841 2951 to
851 2901 889 2952 his
899 2905 993 2964 queen!

149 2963 335 3074 iigifgqmgg'i
346 2968 520 3073 {widiiitgnito
546 3039 571 3070 er
599 3022 649 3070 rial

150 3084 177 3148 «f
187 3040 403 3162 wrrqgresp'ecrqffl
417 3082 458 3131 tha
468 3097 521 3130 ears
527 3040 559 3130 iil
571 3039 614 3130 iis
630 3057 714 3130 haeret
725 3086 760 3138 (or
768 3095 826 3142 oyes
837 3079 865 3130 of
876 3080 917 3130 the
928 3081 1020 3138 render)

120 3140 180 3230 best!
187 3140 292 3248 iiiiiied
303 3198 414 3246 women.²

148 3261 158 3288 ⁸
171 3256 322 3306 ‘Courteous
333 3255 450 3305 conduct!

148 3315 217 3363 'For
225 3317 325 3378 suisset.

148 3373 537 3493 :dsupililri'iitii'dnildiitibntbe
563 3387 651 3482 anitiae
670 3449 711 3482 see
725 3433 798 3483 Grcnr
817 3434 870 3486 §63
1073 3473 1075 3479 ,

140 3493 158 3520 ¹·
167 3449 290 3540 Prffippm
302 3489 322 3538 is
333 3491 461 3540 construed
471 3491 531 3540 with
540 3448 580 3541 tic
588 3469 732 3554 quingentas,
743 3503 784 3541 uot
796 3471 836 3540 the
847 3471 947 3542 madar.
972 3490 1019 3542 See

120 3549 225 3602 &ml
237 3552 288 3606 1⁰⁴,
299 3558 364 3598 note.
