2438 3886
520 279 612 320 arana
638 279 678 320 rv.
1014 265 1050 322 tl
1082 318 1086 325 .

141 389 330 444 continentiam
342 387 438 459 perier.
475 387 590 442 Etcum
609 389 636 441 in
655 388 736 458 regali
754 388 818 441 solio
831 389 968 460 residebis,
980 391 1052 442 vitas

141 460 268 530 necisque
291 459 410 512 omniurn
435 458 533 511 civium
554 457 683 528 dominus,
706 475 771 510 cave
791 459 954 512 obliviscaris
973 459 1053 528 hujus

142 537 233 598 status,
247 530 273 582 in
290 545 343 598 quo
360 529 461 598 accipis
479 545 596 596 regnum,
611 530 693 580 immo
712 529 827 598 hercule,
842 537 946 598 propter
962 545 1051 598 quem.

141 599 248 652 Somnio
260 598 355 653 similis
373 615 415 652 res
427 595 612 664 Abrlarnqrno
625 597 778 653 ridebatur:
800 598 940 667 interdum,
954 599 1052 650 satisne

91 683 94 692 ·
142 669 200 721 sarri
218 676 315 736 essent,
330 668 375 737 qui
393 677 448 720 tam
462 676 587 787 proterve
606 666 656 719 sibi
674 666 822 735 illuderent,
841 667 1051 736 percontabatur.

142 738 193 790 Sed
207 748 235 792 ut
247 737 382 792 cunctanti
395 753 460 806 sque
472 752 500 802 or
511 736 618 789 ablutos
629 745 678 816 est,
693 746 718 789 et
738 735 835 805 injectu
846 737 928 788 vestii
939 743 1053 807 purpura

141 823 258 876 auroque
275 806 407 873 distincta,
421 814 448 858 et
467 805 532 858 fides
549 822 565 856 a
581 805 730 875 jurantibus
749 806 826 874 lacta,
840 807 907 858 serio
924 806 979 875 jam
998 823 1051 877 rex,

142 874 239 930 iisdem
258 875 447 929 comitantibus
465 876 491 927 in
513 876 612 942 regiam
632 877 760 945 pervenit.
798 875 882 928 Fama
902 875 1006 945 deinde,
1023 886 1052 929 ut

142 946 216 1015 solet,
237 956 343 999 strenue
361 953 415 997 tota
433 945 498 997 urbe
515 944 651 998 discurrit:
669 946 779 998 aliorum
799 945 923 1014 studium,
942 945 1053 1000 aliorum

142 1016 288 1085 indignatio
312 1014 462 1068 eminebat:
492 1013 640 1067 ditissimus
661 1015 774 1084 quisque
795 1013 975 1067 humilitatem
999 1015 1052 1066 ino-

141 1086 268 1156 piamque
280 1084 340 1154 ey'us
351 1084 421 1153 apud
434 1083 535 1136 amicos
547 1083 692 1136 Alexandri
704 1083 900 1138 criminabatur.
935 1083 1050 1138 Admitti

142 1173 206 1208 eum
227 1171 272 1206 rex
290 1155 408 1224 protinus
425 1153 511 1222 jussit,
531 1152 631 1222 diuque
651 1153 854 1224 contemplatus,
875 1154 997 1223 corporis,
1015 1155 1052 1208 in·

142 1225 207 1294 quit,
228 1223 335 1277 habitus
354 1221 443 1276 famae
463 1223 568 1290 generis
588 1240 638 1276 uun
659 1232 802 1294 repugnat:
823 1221 870 1275 sed
891 1223 956 1276 libet
975 1223 1052 1294 scire,

141 1295 185 1348 ino
205 1293 259 1348 iam
283 1309 336 1364 qua
358 1293 488 1362 patientia
511 1291 622 1346 tuleris?
657 1293 728 1346 Tum
752 1293 804 1362 ille,
823 1293 935 1362 utinam,
959 1292 1051 1364 inquit,

142 1380 174 1415 eo
194 1381 237 1416 em
261 1363 349 1414 animo
374 1378 483 1430 regnum
525 1361 562 1413 ati
582 1361 697 1441 possim!
725 1363 775 1414 hae
800 1379 896 1415 manus
919 1362 1052 1416 suffecere

141 1433 273 1486 desiderio
294 1449 370 1485 meo:
393 1431 457 1484 nihil
479 1379 588 1484 hahentr
608 1432 676 1506 nihil
692 1431 791 1484 deluit.¹
821 1432 1053 1504 Magoaekindolis

142 1503 278 1572 specimen
301 1519 335 1554 ex
354 1501 404 1554 hoc
425 1512 546 1554 sermone
565 1501 744 1572 Abdalonymi
765 1503 844 1573 cepit.
889 1505 981 1572 ltaque
1002 1517 1052 1556 non

141 1573 268 1626 Stratonis
287 1571 366 1626 morlo
384 1572 482 1640 regiam
502 1571 714 1640 suppellectilem
732 1571 839 1624 attribui
858 1573 883 1624 oi
901 1572 986 1642 jussit,
1005 1571 1052 1624 sed

141 1642 278 1712 pleraque¹
302 1643 383 1696 etiarn
407 1659 442 1694 ex
465 1640 570 1692 Persica
588 1641 694 1710 praeda,
717 1641 851 1710 regionem
870 1657 976 1711 quoque
996 1641 1053 1694 urbi

141 1713 289 1782 appositam
301 1711 397 1765 dicioni
408 1709 466 1780 ejus
477 1709 582 1780 adjecit.

48 1835 52 1840 ,
177 1787 201 1834 5.
220 1783 323 1834 Interea
335 1784 474 1850 Amyntas,
487 1797 567 1849 quem
586 1780 620 1832 ad
639 1780 734 1832 Persas
750 1779 785 1832 ab
803 1779 955 1832 Alexandro
972 1790 1054 1832 trans·

141 1851 242 1920 fugisse
263 1851 399 1919 dirrimus,²
419 1866 480 1902 cum
500 1859 623 1918 quattuor
642 1849 752 1902 milibus
774 1847 942 1914 Graeoourm,
965 1849 1053 1918 ipsum

142 1937 176 1974 ex
194 1922 253 1972 acis
273 1919 430 1992 persecutis,
446 1921 510 1988 fuga
529 1919 656 1988 Tripolin⁸
674 1919 802 1988 pervenit.
838 1918 904 1971 Inde
925 1919 950 1971 in
971 1917 1054 1970 naves

142 1990 271 2044 militibus
289 1990 417 2058 impositis
435 1990 550 2059 Cyprum
570 1988 722 2054 transmisit,
742 1997 769 2040 et
792 2004 854 2040 oum
873 1987 898 2039 in
917 1987 960 2039 illo
982 1996 1052 2040 statu

142 2077 228 2113 rerum
249 2060 274 2112 id
293 2075 436 2129 quemque,
449 2059 518 2127 quod
537 2067 701 2127 occupasset,
715 2057 867 2110 habitururn
885 2056 1054 2110 arbitraretur

143 2129 215 2182 velut
228 2138 299 2182 certo
312 2128 370 2198 jure
383 2145 542 2197 possessum,
556 2131 709 2197 Aegyptum
729 2137 819 2197 petere
837 2127 971 2180 decrevit:
990 2127 1053 2180 utri·

142 2217 195 2270 que
215 2201 271 2268 regi
291 2198 382 2268 hostis,
397 2206 423 2249 et
442 2214 548 2266 semper
560 2213 592 2250 ex
605 2197 715 2268 ancipiti
733 2197 880 2250 mutatione
900 2203 1051 2266 temporum

142 2269 270 2340 pendens.
308 2267 486 2336 Hortatusque
507 2267 606 2320 milites
625 2267 659 2320 ad
685 2283 761 2336 spem
783 2276 872 2320 tantae
897 2267 942 2336 rei,
965 2267 1051 2336 docet,

143 2339 265 2392 Satacem
279 2347 427 2408 praetorem
439 2338 554 2406 Aegypti
567 2336 698 2389 cecidisse
712 2337 738 2389 in
747 2336 813 2406 acie,
825 2337 964 2390 Persarum
979 2353 1053 2406 prae·

143 2409 239 2462 sidium
259 2418 285 2461 et
304 2409 361 2460 sine
382 2405 451 2458 (luce
473 2423 540 2476 esse,
561 2416 587 2458 et
608 2405 760 2472 invalidum,
778 2407 932 2476 Aegyptios,
946 2423 1053 2475 semper

143 2478 307 2548 praetoribus
319 2493 410 2530 eorum
424 2475 541 2545 infestos,
555 2493 601 2546 pro
619 2476 699 2528 sociis
716 2476 794 2545 ipsos,
809 2493 858 2528 non
873 2492 918 2546 pro
931 2476 1052 2529 hostibus

142 2548 337 2602 aestimaturos.
373 2546 469 2599 Omnia
491 2546 604 2615 experiri
629 2547 774 2598 necessitas
798 2545 927 2613 cogebat:
953 2546 1051 2614 quippe

142 2633 204 2671 cum
217 2618 317 2688 primas
328 2633 391 2685 spes
402 2615 505 2668 fortuna
523 2615 648 2682 destituit,
662 2614 749 2668 sutura
767 2614 949 2684 praesentibus
963 2615 1052 2668 riden-

142 2694 184 2741 tur
196 2705 255 2740 esse
275 2686 380 2757 potiora.
417 2685 499 2753 lgitur
517 2685 691 2753 conclamant,
711 2685 820 2738 duceret
838 2701 890 2753 quo
909 2683 1051 2737 videretur.

142 2759 231 2825 Atque
244 2757 289 2810 ille
302 2755 432 2810 utendum
444 2755 541 2807 animis
558 2753 621 2806 dum
641 2771 654 2805 s
673 2770 688 2806 e
706 2753 823 2806 calerent
837 2764 914 2823 ratus,
927 2753 961 2806 ad
975 2754 1051 2808 Pelu-

142 2825 210 2880 sium
224 2827 332 2880 ostium⁴
362 2833 471 2894 anstrat,
486 2823 642 2878 simulansa
656 2771 740 2875 llareo
753 2839 782 2876 se
795 2841 854 2876 esse
867 2823 1050 2894 praemissum.

141 2895 243 2950 Potitus
261 2913 322 2964 ergo
341 2843 449 2961 Pelusii,
471 2893 625 2963 Memphim
645 2895 734 2960 copias
756 2895 899 2961 promovit:
922 2893 956 2946 ad
975 2893 1052 2963 cujus

141 2965 242 3020 samam
265 2964 399 3034 Aegyptii,
426 2981 494 3017 vana
518 2980 585 3032 gens
614 2973 640 3016 et
670 2963 798 3014 novandis
821 2980 904 3032 quam
926 2965 1051 3032 gerendis

140 3035 227 3102 aptior
250 3036 335 3099 rebus,
357 3051 391 3087 ex
409 3033 464 3086 suis
482 3033 581 3102 quique
599 3032 665 3084 vicis
684 3031 853 3100 urbibusque,
874 3033 924 3085 hoc
946 3034 1051 3102 ipsum,⁵
1095 3053 1098 3061 ·

180 3111 312 3120 ———--.

169 3137 176 3158 ¹
188 3128 217 3178 ln
227 3129 268 3178 the
279 3145 350 3178 sense
360 3130 389 3178 of
397 3131 509 3192 plurimo.

167 3188 234 3237 'See
246 3189 278 3236 iii.
290 3192 327 3236 28.

168 3253 177 3278 ¹
188 3249 213 3295 A
222 3248 387 3298 considerable
399 3249 449 3309 city
461 3248 484 3296 in
497 3246 638 3301 Phoenicia,
651 3248 762 3294 between
775 3246 871 3294 Aradus
889 3247 935 3296 and
947 3247 1049 3306 Byblos.

138 3308 162 3357 lt
173 3305 284 3356 received
296 3307 327 3356 its
339 3323 408 3356 nume
419 3309 480 3356 srorn
492 3307 533 3356 the
545 3305 601 3361 saci,
613 3306 663 3354 that
673 3306 704 3354 its
715 3306 815 3367 original
827 3306 974 3354 inhabitants
985 3321 1049 3354 were

137 3369 254 3418 colonists
265 3365 325 3415 lrorn
337 3367 404 3414 three
414 3365 630 3420 towns-Aradus,
644 3365 720 3425 Tyra,
733 3365 779 3414 and
791 3364 872 3413 Sidon.

167 3427 239 3476 ‘The
256 3436 319 3474 most
336 3425 440 3486 easterly
452 3426 480 3474 of
492 3425 533 3473 the
549 3439 623 3472 seven
639 3424 736 3472 mouths
753 3423 781 3472 of
793 3424 833 3472 the
845 3423 913 3480 Nile,
926 3438 957 3470 on
969 3423 1048 3474 which

137 3502 192 3536 actv
204 3484 289 3535 stands
302 3485 342 3533 the
354 3486 404 3545 city
414 3485 442 3532 of
453 3485 588 3534 Damicttm

166 3546 269 3595 ¹“'l’hut
285 3561 336 3594 aas
352 3545 393 3592 the
410 3559 468 3613 very
479 3543 571 3606 thingr'
585 3542 691 3604 namcly,
704 3542 769 3590 what
786 3542 908 3602 Amyntas
924 3539 971 3589 had
987 3540 1047 3590 said.

136 3603 179 3656 Aa
190 3601 307 3666 slliptical
318 3604 478 3666 parenthesrs.
