2410 3890
139 217 196 275 106
399 231 438 272 nn
463 231 570 274 cnsrrs
582 231 777 288 ,sarzanum

136 341 283 413 credidere,
303 340 391 410 Belus,
412 339 489 410 cujus
508 341 580 410 regia
601 341 754 394 ostenditur.
791 341 885 396 Murus
905 342 1047 396 instructus

137 411 263 466 laterculo
287 410 373 464 coctili
403 410 532 464 bitumine
557 411 695 480 interlitus,
716 413 829 480 spatium
847 413 919 464 XXX
937 422 964 465 et
984 412 1046 466 duo-

138 498 196 536 rum
214 481 314 551 pedum
333 479 359 533 in
376 448 543 534 latitudinem
562 481 744 550 amplectitur:
769 481 912 550 quadrigae
931 482 999 535 inter
1017 497 1047 534 se

137 559 305 604 occurrentes
335 549 391 602 sine
422 550 538 620 periculo
568 567 719 604 commeare
754 550 884 603 dicuntur.
928 551 1047 604 Altitudo

138 621 207 674 muri
219 621 239 672 L
252 620 397 673 cubitorum
416 619 516 674 eminet
534 620 633 689 spatio:
654 630 736 672 turres
754 619 830 672 denis
842 619 954 688 pedibus
965 637 1046 690 quarn

137 707 231 744 murus
242 689 348 743 altiores
365 698 435 743 sunt.
471 689 564 753 Totius
576 689 661 758 operis
678 689 795 742 ambitus
813 689 945 742 CCCLXV
963 690 1048 744 stadia

138 759 337 828 complectitur:
373 759 535 827 singulorum
570 757 714 823 stadiorum
751 768 908 812 structuram
938 759 1049 827 singulis

138 821 235 882 diebus
257 828 402 900 perfectam
427 844 487 879 esse
510 828 656 880 memoriae
680 829 810 907 proditum
831 839 880 880 est.
916 829 1048 882 Aedificia

137 914 190 952 non
203 907 265 952 sunt
274 899 381 951 admota
393 897 482 964 muris,
496 896 544 948 sed
556 897 612 950 fere
625 907 741 966 spatium
752 897 836 966 jugeri
849 899 926 951 unius
942 899 1046 951 absunt.

138 969 179 1022 Ac
191 986 224 1020 ne
237 976 318 1021 totam
337 966 444 1035 quidem
463 965 558 1020 urbem
576 967 654 1019 tectis
669 976 879 1036 occupaverunt:
899 985 945 1038 per
957 969 1048 1022 LXXX

138 1037 224 1090 stadia
236 1037 378 1103 habitatur,
390 1051 440 1087 nec
458 1034 546 1088 omnia
563 1037 687 1088 continua
705 1044 772 1106 sunt,
785 1037 872 1106 credo,
885 1037 948 1106 quia
965 1037 1048 1090 tutius

137 1106 224 1160 visum
236 1115 277 1160 est
289 1104 407 1176 pluribus
418 1103 482 1158 locis
501 1105 595 1174 spargi.
630 1105 724 1158 Cetera
743 1114 831 1159 serunt
849 1106 997 1176 coluntque,
1010 1115 1047 1176 ut,

140 1176 162 1229 si
180 1185 289 1228 externa
305 1175 346 1228 ris
362 1175 472 1242 ingruat,
484 1174 601 1228 obsessis
618 1175 747 1229 alimenta
759 1192 792 1228 ex
804 1177 888 1245 ipsius
906 1175 977 1230 urbis
993 1176 1048 1230 solo

140 1244 377 1298 subministrentur.
425 1244 574 1312 Euphrates
607 1243 741 1312 interfluit,
773 1261 938 1316 magnaeque
970 1245 1048 1298 molis

141 1312 329 1383 crepidinibus¹
352 1322 496 1366 coercetur.
518 1313 522 1318 ’
540 1313 591 1366 Sed
615 1314 735 1366 omniurn
757 1330 867 1382 operum
890 1315 1047 1384 magnitudi-

141 1399 204 1437 nem
222 1383 432 1446 circumveniunt
449 1399 580 1435 cavernae
598 1383 727 1452 ingentes,
748 1382 774 1435 in
791 1383 960 1450 altitudinem
977 1401 1047 1453 pres·

142 1469 188 1506 sae
206 1452 241 1504 ad
261 1451 445 1524 accipiendum
464 1451 594 1523 impetum
611 1453 747 1521 fluminis,²
766 1452 835 1521 quod
851 1451 896 1506 nbi
913 1455 1048 1522 appositae

142 1521 285 1594 crepidinis
302 1522 437 1590 fastigium
456 1522 579 1590 excessit,
599 1521 671 1576 urbis
688 1530 758 1576 tecta
773 1522 921 1592 corriperet,
941 1523 991 1575 nisi
1008 1541 1048 1576 es·

143 1599 202 1644 sent
215 1609 310 1662 specus
321 1591 448 1661 lacusque
466 1592 511 1660 qui
520 1591 680 1660 exciperent.
717 1591 810 1644 Coctili
819 1591 944 1644 laterculo
957 1593 1049 1647 structi

143 1669 218 1714 sunt:
251 1669 334 1714 toturn
357 1678 423 1730 opus
445 1631 577 1714 bitumine
601 1660 780 1728 adstringitur.
827 1661 896 1724 Pons
920 1661 1047 1731 lapideus,

143 1730 246 1798 flumini
270 1730 414 1810 impositus,
432 1729 517 1799 jungit
540 1729 642 1783 urbem.
689 1729 740 1782 Hic
760 1746 865 1800 quoqne
885 1732 951 1783 inter
972 1733 1049 1785 mira-

143 1799 208 1854 bilia
220 1800 332 1854 Orientis
343 1817 423 1870 opera
434 1809 590 1852 numeratus
607 1808 662 1852 est:
681 1799 779 1868 qnippe
798 1798 947 1868 Euphrates
966 1801 1049 1854 altum

143 1869 238 1923 limum
260 1868 330 1922 vehit
359 1885 411 1940 quo
434 1870 540 1949 penitus
559 1869 593 1922 ad
613 1869 786 1922 fundamenta
808 1869 931 1938 jacienda
950 1878 1048 1939 egesto,

144 1941 190 1993 rix
202 1909 357 1993 sufficiendo
369 1956 441 2009 open
452 1939 528 1992 firmo
547 1939 678 2008 reperiunt
696 1938 781 1991 solum
790 1938 809 2007 3³
826 1937 941 1991 harenae
958 1949 1048 1992 sutem

144 2009 257 2063 subinde
275 2008 436 2078 cumulatae,
455 2017 481 2061 et
499 2008 578 2078 saxis,
591 2009 651 2078 quis
668 2025 734 2077 pons
751 2007 900 2074 sustinetur,
920 2019 1048 2074 annexae,

144 2088 277 2132 morantur
293 2095 409 2148 amnem,
423 2077 469 2147 qui
487 2087 605 2131 retentus
622 2079 716 2147 acrius,
730 2093 811 2146 quern
830 2077 853 2128 si
871 2077 953 2130 libero
972 2095 1049 2132 cursu

145 2157 254 2216 mearet,
268 2147 385 2200 illiditur.

180 2221 205 2268 5.
224 2219 321 2269 Arcem
340 2231 445 2286 quoqne
464 2214 567 2268 ambitu
584 2215 633 2268 XX
650 2214 735 2267 stadia
753 2215 921 2284 complexam
941 2216 1050 2269 habent.

144 2285 216 2338 XXX
233 2285 316 2353 pedes
333 2285 359 2337 in
377 2291 474 2336 terram
493 2284 603 2336 turrium
616 2283 789 2337 fundamenta
802 2285 922 2338 demissa
935 2294 1002 2354 sunt,
1015 2286 1049 2338 ad

146 2355 238 2406 LXXX
269 2370 405 2406 summurn
439 2353 598 2408 munimenti
627 2352 773 2422 fastigium⁴
797 2355 923 2422 pervenit.
969 2355 1051 2424 Super

144 2440 242 2492 arcem,
256 2423 404 2492 ‘vulgatum
427 2421 587 2476 Graecorum
610 2421 725 2477 fabulis⁴
746 2423 911 2492 miraculum,
936 2425 1052 2492 pensiles

145 2491 213 2546 horti
231 2501 298 2562 sunt,
318 2509 452 2546 summam
471 2507 606 2545 murorum
625 2491 793 2545 altitudinem
813 2501 966 2563 aequantes,
985 2493 1051 2546 mul·
1125 2513 1130 2516 ·

145 2571 284 2633 tarnmque
299 2561 433 2632 ¹arborum
464 2561 558 2614 umbra
588 2569 615 2614 et
643 2563 797 2632 proceritate
826 2563 950 2615 amoeni.⁶
985 2563 1051 2618 saxo
1107 2566 1108 2569 ’

144 2633 222 2702 pilae,
236 2650 305 2702 quae
323 2640 407 2685 toturn
424 2647 491 2684 unus
509 2629 645 2701 sustinent,
659 2630 801 2684 instructae
814 2639 881 2700 sunt,
895 2648 974 2702 super
985 2632 1052 2702 pilas

143 2776 172 2824 os
179 2775 289 2882 Babplon
297 2775 317 2823 is
326 2775 366 2824 the
376 2783 439 2822 most
449 2773 570 2822 moderate
579 2772 608 2822 os
614 2773 653 2821 ull.
678 2773 733 2822 The
742 2773 837 2822 Asiatic
846 2773 920 2823 world
929 2775 973 2823 has
980 2737 1051 2823 twice

144 2835 220 2882 shone
240 2835 293 2882 orth
305 2835 329 2881 in
340 2843 406 2894 great
423 2833 506 2894 glory:
524 2833 556 2881 its
571 2832 671 2894 greduel
681 2831 747 2891 lapse
759 2833 809 2880 into
819 2833 852 2881 its
862 2843 959 2892 present
970 2834 1050 2893 deplo-

144 2893 211 2942 rable
222 2893 343 2941 condition
354 2893 374 2940 is
385 2908 430 2940 one
441 2891 469 2939 of
481 2891 522 2939 the
533 2901 597 2940 most
608 2891 760 2952 melancholy
770 2892 904 2952 spectacles
915 2893 940 2940 in
951 2892 1050 2954 history.

174 2958 182 2980 ¹
195 2951 247 3019 ‘By
257 2951 335 3000 banks
345 2951 374 2998 ol
384 2960 451 3011 great
463 2951 512 2998 siae
523 2949 570 2998 und
580 2950 708 3010 strength'

173 3009 246 3058 ”Prts
257 3025 284 3058 or
294 3009 365 3058 small
376 3009 443 3057 lakes
454 3009 502 3070 dug
513 3009 581 3068 deep,
593 3009 639 3056 und
650 3007 753 3064 cmdtsd,
765 3009 789 3056 in
798 3009 867 3058 order
875 3019 900 3058 to
908 3010 1002 3060 receive
1011 3010 1051 3060 the

144 3067 259 3175 upteffpf
270 3069 311 3117 the
322 3068 384 3175 rirep
394 3066 465 3174 wfihep
476 3068 493 3114 it
505 3067 789 3175 ovepflfiovpedpts'llpienlrs.
941 3129 959 3176 k
1043 3129 1050 3150 ,

146 3186 201 3236 The
212 3136 603 3253 pillhhssrcrhrtheeylrriggegtrthhnopost)
612 3135 1058 3248 rhhreurheclhb‘srhhtpaehlhgsihonughtblhv

143 3261 217 3296 oense
228 3246 269 3294 the
281 3246 351 3299 river,
364 3243 447 3311 forced
456 3253 506 3291 rnto
517 3257 609 3311 nerrovr
618 3259 728 3311 composa
739 3245 821 3303 hythe
830 3246 929 3306 gradunl
939 3261 1050 3296 accumu-

145 3305 219 3355 lerion
230 3305 258 3354 os
269 3303 337 3360 send,
350 3303 405 3349 best
416 3302 476 3350 wrth
487 3301 666 3361 extraordrnsry
676 3302 783 3350 violence
794 3319 808 3351 e
825 3305 887 3352 ninst
898 3305 973 3354 them.

174 3371 202 3455 ζ’.
208 3363 316 3413 Stories)
335 3360 404 3444 'The
415 3360 481 3408 word
492 3361 550 3428 does
561 3369 602 3464 npt
613 3360 688 3420 irnply
698 3319 824 3430 salsehooff
833 3362 898 3411 here.
923 3421 928 3432 1

146 3494 182 3539 u,
194 3423 357 3537 &welhe
370 3418 667 3537 pimelprtppupslpppspcapgc
675 3419 741 3468 what
752 3435 773 3469 rs
783 3421 911 3482 agreeeble
921 3437 947 3470 rn
956 3431 1050 3480 nature,
