2410 3890
161 197 199 252 88
428 216 468 256 iiii
491 217 597 258 earnis
617 220 804 261 iiaxnimar.

159 337 240 390 quam
252 330 395 393 expeteret,
409 325 565 396 intuentem,
579 328 603 385 in
617 328 769 400 perniciem,
803 347 853 382 uae
864 341 928 383 ante
942 327 1072 400 praedam

159 390 245 460 posita
257 401 336 461 esset,
347 391 487 450 incurrere.
518 395 616 450 Similis
627 397 696 466 apud
706 347 872 452 Macedones
883 417 989 468 quoque
1002 397 1072 454 solli·

159 459 248 512 citudo
261 469 330 530 erat:
350 471 516 534 noctemque,
527 465 601 518 velut
615 467 713 520 ineam
727 469 873 520 certamine
887 469 982 537 edicto,
997 465 1076 522 metu'

159 537 279 596 egerunt.
315 529 472 603 Alexander,
494 551 546 587 nori
570 536 636 588 alias
651 537 744 603 imagis
769 540 881 606 territus,
903 539 937 590 ad
958 548 1019 591 vota
1043 551 1070 589 et

154 613 253 719 preces
265 598 449 654 Aristandrum
461 604 550 657 vocari
567 604 651 673 jubet.
688 605 736 657 Ille
749 607 775 658 in
789 607 902 658 candida
915 617 999 676 veste,
1014 623 1069 658 ver-

179 669 251 720 enas¹
272 686 350 724 mann
369 671 530 740 praeferens,
547 675 634 742 capite
647 674 733 726 velato
753 677 871 745 praeibat
892 693 986 744 preces
1006 676 1069 744 regi,

159 735 251 790 lovem
273 738 479 810 Minervamque
499 751 526 794 et
544 741 689 796 Victoriam
709 743 879 812 propitianti'
915 745 991 798 Tunc
1013 746 1070 814 qui-

158 807 221 860 dem
234 809 362 861 sacrificio
375 809 422 862 rite
434 819 591 882 perpetrato,
605 811 737 880 reliquum
755 811 839 867 noctis
855 816 1026 883 acquieturus
1042 816 1069 866 in

159 876 358 931 tabernaculum
372 879 460 932 rediit.
496 879 549 934 Sed
567 897 617 932 nec
634 897 758 934 somnum
770 900 875 952 capere,
890 901 938 935 nec
950 883 1071 951 quietem

159 947 213 1016 pati
231 956 340 1015 poterat.
376 947 458 1000 Modo
474 966 489 1002 e
507 948 571 1028 pugo
588 950 685 1002 montis
702 951 790 1007 aciem
804 953 829 1005 in
842 953 963 1018 dextrum
977 953 1069 1007 Perea·

160 1033 217 1068 rum
229 1033 309 1088 cornu
322 1015 463 1070 demittere
475 1017 601 1087 agitabat,
620 1019 699 1072 modo
719 1029 791 1073 recta
809 1021 894 1074 fronte
912 1039 1068 1075 concurrere

159 1084 248 1153 ὴοεῑί,3
266 1084 398 1139 interdum
417 1085 556 1156 haesitare,
574 1104 608 1140 an
626 1088 713 1158 potins
732 1091 759 1142 in
777 1091 882 1144 laevum
902 1091 1070 1160 detorqueret

158 1171 265 1222 agmen.
301 1153 423 1233 Tandem
445 1165 585 1224 gravatum
609 1158 692 1212 animi
718 1159 852 1212 anxietate
878 1175 972 1228 corpus
994 1160 1070 1214 altior

159 1240 268 1277 somnus
279 1231 416 1292 oppressit.

193 1297 236 1346 49.
255 1293 369 1361 Jamque
392 1291 453 1346 luce
471 1302 528 1346 orta
545 1293 628 1347 duces
647 1295 682 1348 ad
702 1292 858 1364 accipienda
876 1295 988 1375 imperia
1006 1309 1070 1348 con-

159 1370 294 1430 venerant,
313 1360 417 1414 insolito
435 1363 505 1416 circa
523 1364 682 1433 praetorium
702 1364 806 1418 aileittio
823 1368 942 1418 attoniti:
970 1365 1069 1434 quippe

157 1430 226 1484 alias
243 1447 380 1484 accersere
398 1432 476 1501 ipsos,
489 1441 516 1484 et
528 1433 662 1487 interdum
679 1443 813 1488 morantes
830 1435 959 1502 castigare
978 1451 1069 1486 assue-

160 1508 248 1554 verat:
269 1509 331 1555 tunc
351 1520 384 1556 ne
405 1503 497 1560 ultimo
517 1503 626 1574 quidem
647 1505 736 1558 rerum
754 1503 909 1558 discrimine
921 1504 1067 1556 excitatum

159 1586 218 1622 esee
231 1570 399 1642 mirabantur,
409 1582 436 1626 et
448 1590 499 1626 non
511 1589 604 1628 somno
613 1573 757 1644 quiescere,
771 1573 816 1626 sed
849 1588 927 1626 avora
941 1573 1069 1626 marcere⁴

159 1639 312 1694 credebant.
349 1643 407 1695 Non
426 1649 517 1696 tamen
535 1643 676 1712 qnisquam
688 1659 723 1696 ex
735 1590 890 1696 custodibus
898 1642 1016 1711 eorporis
1029 1641 1067 1692 in·

159 1719 227 1764 trare
248 1709 448 1767 tabernaculum
468 1711 601 1766 audebat:
623 1721 650 1764 et
669 1711 725 1781 jam
746 1721 852 1780 ternpus
872 1711 994 1778 instabat,
1017 1726 1068 1762 nec

159 1779 237 1833 miles
249 1779 350 1849 injussu
363 1779 441 1834 ducis
456 1789 503 1834 aut
522 1797 598 1834 arma
616 1797 711 1860 capere
731 1789 839 1850 poterat,
852 1789 898 1833 ant
918 1780 943 1832 iri
964 1779 1070 1832 ordines

159 1850 206 1903 ire.
242 1849 293 1904 Diu
312 1850 452 1905 Parmenio
469 1858 616 1920 cunctatus,
634 1850 724 1904 cibum
743 1859 772 1903 ut
790 1857 923 1920 caperent,
937 1849 993 1918 ipse
1011 1863 1068 1918 pro·

159 1920 271 1974 nuntiat.
307 1921 421 1991 Jamque
440 1921 512 1976 exire
536 1936 646 1974 necesse
671 1928 741 1972 erat:
767 1927 831 1972 tuno
856 1919 967 1972 demum
990 1918 1070 1971 intrat

160 1991 366 2060 tabernaculum,
385 1991 545 2061 saepiusque
569 1989 676 2044 nornine
700 1987 899 2058 compellatum,
919 2005 981 2040 curn
1002 2003 1067 2040 voce

160 2077 210 2112 non
234 2070 329 2130 posset,
354 2070 426 2114 tactu
453 2060 587 2114 excitavit.
631 2058 718 2112 Multa
745 2059 792 2112 lux
827 2058 918 2128 inquit,
945 2065 1000 2110 eet:
1032 2055 1068 2108 iii·

160 2139 286 2182 structam
307 2128 394 2182 aciem
414 2128 497 2184 hostis
516 2128 649 2182 admovit:
676 2137 737 2185 tuus
755 2129 791 2180 mi
803 2145 833 2180 es
850 2126 938 2180 adhuc
959 2125 1070 2178 inermis

160 2205 284 2266 expectat
301 2196 450 2275 imperinm.
486 2196 539 2250 Ubi
558 2205 599 2248 est
621 2197 693 2264 vigor
720 2196 765 2249 ille
783 2197 865 2250 animi
885 2195 944 2249 ruit
971 2211 1068 2264 nempe

160 2266 276 2318 excitare
296 2265 391 2333 vigiles
410 2266 488 2318 soles.
525 2265 566 2318 Ad
587 2264 655 2318 haec
675 2265 842 2319 Alexander:
868 2263 1001 2332 Credisne,
1024 2280 1067 2316 me

160 2335 231 2404 prius
250 2349 371 2387 somnum
391 2351 487 2404 capere
507 2335 631 2404 potuisse,
670 2352 731 2388 uam
753 2351 926 2388 exonerarem
946 2336 1066 2386 animum

159 2403 341 2474 sollicitudine,
360 2421 429 2474 qnae
447 2351 755 2474 quietemmora‘iiatnrl
778 2406 938 2483 signumque
962 2419 1067 2473 pugnae

160 2473 224 2526 tuba
244 2473 300 2526 dari
318 2473 405 2543 jussit.
442 2476 476 2528 Et
496 2491 559 2528 cum
579 2473 606 2526 in
627 2472 722 2526 eadem
741 2473 914 2526 admiratione
927 2469 1066 2526 Parmenio

196 2552 346 2612 reereraret,
360 2541 428 2612 quod
441 2543 556 2596 solutum
569 2559 598 2595 se
610 2543 681 2594 curis
693 2559 814 2596 somnum
826 2544 929 2611 cepisse
948 2543 1066 2608 dixisset,

158 2559 280 2684 Hinime,
293 2612 504 2682 mattaratium
522 2620 577 2666 est:
598 2629 648 2681 ego
668 2613 749 2682 enim,
763 2629 824 2666 cum
846 2613 947 2665 Dareus
968 2621 1063 2663 terram

159 2694 254 2752 ureret,
274 2683 346 2735 vicos
367 2682 526 2752 excinderet,
546 2682 675 2735 alimenta
695 2689 879 2752 corrumperet,
901 2691 996 2754 potens
1015 2682 1067 2732 mei

158 2769 209 2805 non
232 2768 321 2805 eram:
346 2767 415 2804 nunc
434 2751 579 2822 veroquid
602 2761 730 2818 metuam,
752 2769 815 2804 curii
838 2753 897 2804 acie
921 2751 1066 2826 decernere

158 2821 253 2890 paretl
288 2820 505 2874 Herculerotum
518 2837 608 2874 meum
626 2821 756 2889 implevit.
793 2819 844 2874 Sed
865 2819 943 2890 hujus
963 2816 1066 2872 consilii

187 2931 194 2953 ¹
206 2925 291 3030 Twigs
302 2925 330 2972 of
342 2925 424 2973 sacred
436 2934 508 2979 trees,
522 2924 582 2972 such
593 2940 619 2971 as
630 2923 671 2971 the
683 2923 766 2979 laurei,
780 2924 852 2980 olive,
866 2924 911 2971 and
923 2922 1019 2982 myrtle.

186 2983 260 3030 '‘En
278 2985 408 3044 eavonring
424 2995 448 3032 to
464 2983 549 3032 render
563 2983 605 3030 the
633 2982 676 3030 ods
692 2982 830 3030 savonrable
848 2985 965 3044 (propitii)
982 2991 1007 3030 to
1022 2979 1063 3030 the

127 3066 145 3084 a
158 3040 355 3099 Macedoninns;'
369 3041 625 3104 commendinghimee
660 3051 686 3089 to
701 3040 742 3090 the
758 3042 868 3102 gracions
885 3037 1061 3100 protectiones

159 3101 232 3158 Zeus,
246 3101 354 3156 Athene,
367 3100 414 3148 and
426 3101 500 3148 Nike.

186 3165 195 3190 ³
208 3159 267 3210 Cam
274 3163 338 3208 horte
346 3159 367 3208 ie
376 3175 441 3208 more
451 3159 528 3207 usual.
553 3157 693 3208 Alexander
702 3159 821 3222 hesitated
830 3159 940 3208 whether
948 3159 978 3207 he
988 3157 1062 3220 ought

156 3230 198 3269 not
210 3229 234 3268 to
245 3218 317 3267 malie
329 3217 366 3266 liis
377 3217 491 3277 principal
503 3219 584 3266 attach
600 3219 624 3265 in
640 3233 671 3266 aa
682 3217 731 3264 obli
749 3233 779 3266 ne
790 3217 907 3268 direction
917 3219 1011 3288 against
1023 3216 1065 3265 the

156 3279 219 3340 right
231 3295 257 3327 or
268 3279 309 3327 the
320 3277 361 3325 left
372 3277 437 3336 wing
445 3275 476 3345 ⁰s.
479 3276 521 3324 the
530 3277 648 3344 Persiaus.
676 3235 785 3346 Eisiinal
794 3277 986 3334 determination,
998 3276 1064 3324 how-

156 3354 221 3408 ever,
235 3353 285 3385 was
296 3347 322 3384 to
333 3335 398 3384 draw
409 3351 442 3394 up
452 3335 490 3382 his
502 3349 558 3420 ipen
568 3351 593 3382 iri
602 3351 618 3382 a
627 3335 729 3397 straight
740 3335 795 3394 line,
807 3337 853 3384 and
864 3345 890 3385 to
900 3335 983 3384 attaclr
991 3351 1023 3384 on
1033 3334 1065 3384 all

189 3406 237 3446 ints
248 3406 273 3445 at
284 3410 352 3444 once.

111 3479 117 3487 *
158 3411 194 3486 po*
205 3455 259 3504 ‘To
267 3457 298 3504 be
309 3452 380 3502 weak
390 3451 437 3501 inid
447 3451 580 3514 powerlese
591 3451 651 3500 hom
662 3450 728 3501 seira'
