2264 3880
154 183 212 236 312
421 191 461 231 na
483 191 589 231 aasrrs
612 190 795 230 anaxanoar.

154 306 279 361 narentur,
291 300 448 364 procurandis
459 300 490 348 iis
506 300 602 348 Graeco
619 300 692 346 simul
709 299 863 360 barbaroque
883 297 940 348 ritu
960 297 1070 346 continua

154 385 223 418 sacra
235 369 301 415 facta
313 373 377 414 sunt.
411 365 495 428 Neque
506 371 590 412 tamen
607 365 698 426 expiari
716 370 891 426 praeterquam
911 369 997 410 morte
1014 363 1069 426 regis

155 442 260 497 potuere.
288 431 338 489 Qui
350 447 405 480 cum
418 430 558 479 Nearchum
571 431 705 492 excepisset
716 429 833 486 convivio,
842 429 955 492 jamque
968 429 1069 476 cubitum

154 501 231 546 iturus
248 503 320 557 esset,
338 496 416 544 Medii
434 495 557 544 Larissaei
574 497 669 544 obnixis
686 495 797 558 precibus
817 493 899 550 dedit,
921 501 951 541 ut
972 494 1005 540 ad
1023 509 1068 541 eum

155 564 312 611 comissatum
330 563 430 610 veniret
463 561 511 609 Ubi
528 568 652 624 postquam
671 567 722 608 tota
740 566 812 608 nocte
832 564 1006 621 perpotasset,
1016 559 1068 606 male

153 629 243 677 habere
255 629 339 690 eoepit.
368 628 542 691 Ingravescens
555 627 641 675 deinde
653 627 750 674 morbus
760 626 821 672 adeo
832 639 925 672 omnes
934 625 1006 672 vires
1016 625 1067 671 intra

154 700 248 746 sextum
261 694 326 741 diem
339 693 458 751 exhausit,
470 699 497 740 ut
508 708 539 738 ne
550 693 616 740 vocis
627 692 724 754 quidem
740 696 846 751 potestas
863 697 943 737 esset.
982 689 1066 737 Interes

154 759 251 818 milites,
260 758 424 807 sollicitudine
432 757 599 820 desiderioque
609 759 661 822 ejus
669 756 745 816 anxii,
752 770 879 818 quaquam
890 756 1068 802 obtestantibus

154 825 263 884 ducibus,
275 841 305 872 ne
317 822 489 880 valetudinem,
501 823 567 886 regis
585 828 722 881 onerarent,
732 827 916 882 expresserunt,
929 826 961 867 ut
980 820 1007 867 in
1023 835 1069 868 eon

154 897 265 952 spectum
277 891 330 954 ejus
342 888 535 937 admitterentur.

193 1029 234 1075 ta
257 1022 424 1075 Intuentibus
440 1021 566 1074 lacrimae
584 1021 691 1074 obortae
710 1021 855 1090 praebuere
876 1020 1005 1088 speciem
1021 1018 1069 1088 jan

154 1109 204 1144 non
218 1109 316 1160 regem,
331 1093 378 1144 sed
395 1091 474 1143 sunus
486 1090 544 1160 ejus
555 1092 667 1144 visentis
677 1091 818 1144 exercitus.
854 1089 974 1141 Maeror
985 1099 1069 1142 tamen

154 1161 382 1214 circumstantium
399 1160 498 1213 lectum
514 1159 665 1212 eminebat:
685 1177 751 1229 quos
768 1167 796 1210 ut
816 1177 862 1212 rex
881 1158 1023 1228 adspexit,
1035 1159 1069 1210 la·

155 1231 275 1298 venietis,
290 1230 383 1300 inquit,
396 1246 458 1282 cum
476 1245 622 1296 excessero,
636 1229 745 1297 dignum
758 1227 855 1281 talibus
867 1229 938 1280 viris
952 1245 1045 1296 regern
1054 1227 1070 1278 l'

155 1299 312 1353 incredibile
335 1299 407 1350 dictu
430 1299 583 1368 audituque,
609 1299 636 1350 in
659 1299 754 1350 eodem
778 1297 872 1350 habitu
896 1297 1069 1366 corporiaiu

154 1385 233 1438 quem
247 1385 276 1420 se
288 1377 479 1436 composuerat,
493 1384 555 1420 aum
567 1367 731 1420 admissurus
741 1367 842 1420 milites
852 1375 938 1434 esset,
954 1365 1069 1429 durasse

154 1439 239 1490 donec
250 1453 267 1487 a
279 1446 332 1487 toto
345 1438 462 1488 exercitu
480 1436 545 1488 illud
564 1437 688 1490 ultimum
706 1436 885 1506 persalutatus
901 1444 967 1488 est:
984 1436 1070 1488 diruis-

155 1523 236 1574 soque
249 1505 335 1572 vulgo,
349 1504 422 1558 velut
434 1508 506 1558 omni
519 1505 590 1558 vitae
603 1505 693 1558 debito
708 1507 842 1574 liberatus,
856 1505 978 1572 fatigata
990 1521 1070 1558 mem·

154 1576 200 1628 bra
226 1574 326 1643 rejecit.
362 1575 524 1644 Propiusque
547 1575 622 1629 adira
644 1575 725 1644 jussis
748 1575 841 1628 amicis
864 1575 944 1642 (nam
971 1584 1001 1626 et
1027 1591 1070 1626 vor

155 1646 268 1698 rlefioere
286 1644 341 1714 jam
359 1645 502 1714 coeperat),
518 1645 665 1706 detractum
683 1645 793 1697 anulum
810 1643 901 1710 digito,
922 1643 1070 1695 Perdiccae

156 1714 271 1782 tradidit,
290 1714 403 1783 adjectis
421 1713 559 1782 mandatis,
580 1724 607 1766 ut
624 1731 720 1784 eorpus
738 1731 814 1766 suum
832 1712 867 1765 ad
885 1712 1069 1765 Hammonem

155 1784 216 1836 lerri
235 1783 367 1852 juberent.
404 1783 598 1840 Quaerentibus
618 1783 667 1852 his,
688 1783 732 1835 cui
752 1783 914 1851 relinqueret
937 1781 1070 1850 regnunt

156 1852 296 1922 respondit,
310 1854 342 1922 ei,
358 1852 403 1921 qui
422 1860 493 1904 esset
511 1852 641 1921 optimus;
659 1861 779 1905 ceterum
797 1851 940 1921 providere
958 1851 1021 1920 jam
1039 1867 1070 1917 se,

153 1923 188 1975 ob
206 1923 233 1974 id
252 1922 398 1974 certamen²
414 1938 526 1989 magnos
543 1920 669 1975 funebres
683 1921 760 1975 ludos
771 1921 857 2043 ἓῖιιιί
870 1919 934 1972 sibi.
974 1921 1072 1974 Rursus

155 1991 282 2043 Perdicca
301 1991 476 2057 interrogante
503 1991 609 2059 quando
626 1991 756 2044 coelestes
809 2006 886 2044 nores
903 1989 1008 2042 haberi
1027 1989 1072 2042 sibi

154 2060 254 2112 velletl
275 2060 347 2126 dixit,
367 2069 425 2111 tum
443 2029 521 2127 velle,
540 2076 603 2112 curn
621 2059 670 2128 ipsi
691 2060 784 2114 felices
801 2067 900 2112 essent.
939 2059 1073 2128 Suprema

155 2128 223 2180 haec
236 2145 287 2180 vox
298 2128 349 2180 fuit
362 2128 436 2196 regis,
450 2136 477 2180 et
489 2128 568 2196 paulo
580 2138 638 2196 post
650 2129 831 2197 extinguitur.³

192 2203 231 2249 15.
248 2199 289 2250 Ac
301 2198 385 2265 primo
397 2197 498 2265 ploratu
515 2197 691 2266 lamentisque
709 2210 735 2250 et
753 2197 913 2266 planctibus⁴
927 2207 989 2251 tota
1003 2197 1073 2265 regia

155 2266 325 2334 personabat:
346 2283 408 2318 mor
420 2265 493 2318 velut
507 2266 533 2318 in
546 2275 621 2320 vasta
636 2267 778 2320 solitudine
795 2269 885 2320 omnia
904 2269 977 2320 tristi
996 2267 1073 2320 silen-

155 2337 189 2386 tio
213 2343 287 2386 muta
311 2334 456 2403 torpebant,
477 2335 512 2386 ad
535 2335 716 2404 cogitationes,
737 2335 801 2404 quid
824 2335 923 2389 deinde
951 2337 1072 2390 suturam

154 2413 232 2472 esset,
246 2403 334 2454 dolore
347 2419 482 2455 converso.
515 2404 630 2457 Nobiles
645 2406 718 2474 pueri
730 2404 866 2457 custodiae
879 2409 1005 2474 corporis
1018 2406 1073 2475 ejas

153 2473 253 2527 assueti
272 2489 322 2524 nec
339 2471 437 2524 doloris
454 2473 668 2540 magnitudinem
685 2489 851 2544 carpetanae
867 2489 899 2523 se
915 2473 924 2524 i
1008 2477 1071 2528 intra

154 2542 317 2596 vestibulum
338 2541 426 2609 regiae
446 2550 537 2594 tenere
557 2553 714 2612 potuerunt:
735 2544 849 2612 vagique
869 2549 898 2594 et
931 2545 1072 2596 urentibus

153 2613 256 2666 similes
268 2621 351 2664 totam
368 2610 463 2664 urbem
480 2611 553 2666 luctu
570 2629 603 2664 ao
620 2629 740 2665 maerore
758 2611 983 2681 compleverant,⁵
994 2613 1073 2664 nullis

155 2682 294 2751 questibus
311 2681 425 2751 omissis,
438 2697 504 2750 quos
516 2681 543 2732 in
557 2681 603 2733 tali
616 2698 679 2736 casu
691 2681 764 2734 dolor
776 2681 900 2749 suggerit.
941 2681 1019 2752 Ergo
1032 2682 1072 2751 qui

183 2837 189 2858 ¹
204 2830 280 2877 ·witl
291 2845 339 2888 you
349 2829 399 2877 find
410 2845 424 2876 a
435 2829 520 2889 kingt’
549 2829 694 2888 Equivalent
706 2839 730 2877 to
741 2829 806 2877 Nam
814 2831 965 2887 ἱππικὴ
983 2831 1025 2880 lor
1034 2831 1072 2880 the

154 2904 224 2936 sense
236 2889 265 2943 is,
281 2889 306 2935 ‘I
318 2889 349 2937 do
359 2899 400 2936 not
410 2888 480 2935 think
491 2888 543 2935 that
555 2903 603 2948 you
612 2888 661 2936 will
673 2888 740 2943 lind‚’
752 2887 801 2935 dac.
828 2888 883 2934 The
894 2889 1072 2951 interrogative

153 2947 261 3006 particle,
284 2947 405 3003 however,
425 2962 481 3006 may
498 2949 528 2994 be
547 2947 649 2995 omitted
666 2947 737 2994 when
752 2947 793 2994 the
812 2956 867 2994 tone
886 2947 966 3007 given
987 2961 1017 2998 to
1035 2951 1073 2998 the

154 3016 268 3054 sentence
280 3020 408 3063 expresses
419 3005 460 3052 the
472 3021 558 3064 proper
568 3005 666 3066 feeling,
679 3007 854 3054 astonishment
865 3021 893 3054 or
903 3005 997 3056 doubt.

182 3089 192 3113 ⁹
203 3083 226 3131 N
230 3081 318 3142 amely‚
331 3083 372 3130 the
384 3084 480 3144 disputa
491 3084 547 3132 who
558 3100 609 3132 was
620 3084 661 3132 the
673 3086 734 3133 best.

182 3156 433 3209 ³June11,323a.o.
512 3179 515 3184 ’

184 3227 289 3274 “With
308 3227 420 3288 weeping
439 3227 486 3276 and
504 3229 610 3289 wailing,
629 3229 675 3277 and
694 3228 735 3276 the
752 3229 847 3276 wildest
866 3231 1034 3288 expressions
1049 3233 1073 3282 nl

155 3286 238 3346 griodz’
253 3289 365 3348 phraates
377 3286 397 3332 is
411 3287 525 3346 ‘beating
534 3303 599 3346 upon
609 3287 651 3334 tha
663 3289 744 3334 breast
756 3288 780 3338 in
791 3288 844 3348 sign
855 3285 883 3334 ol
895 3293 1017 3338 sorrow.¹

186 3367 193 3390 ⁵
204 3359 350 3418 Equivalant
361 3369 387 3408 to
396 3363 575 3422 compleverant,
588 3363 632 3410 but
643 3357 761 3426 implying
771 3363 881 3424 rapidity.
