2410 3890
525 273 619 314 arasa
639 273 677 314 rv.
970 270 975 285 “
1017 257 1056 314 98

147 389 223 434 mus:
242 395 313 433 nunc
324 381 351 434 in
364 379 473 434 sedibus
484 382 577 434 nostris
589 382 772 451 propulsamus
783 382 895 434 illatum.
922 381 1058 435 lactamur

149 450 264 502 invicem
278 449 405 502 varietate
418 450 545 502 fortunae.
582 451 713 504 Videlicet
726 453 877 522 imperium,
890 452 953 520 quia
965 460 1056 503 mutuo

147 517 315 582 affectamus,
329 535 381 571 una
392 535 459 586 gens
471 535 522 570 non
534 521 613 589 capit,

183 592 224 640 55.
242 589 376 658 Ceterum,
389 588 495 640 etiarnsi
514 605 575 656 spes
587 606 637 641 non
650 589 789 658 subesset,¹
802 589 948 642 necessitas
966 599 1057 642 tamen

147 657 285 711 stimulare
308 658 433 710 deberet:
460 657 494 708 ad
518 667 637 710 extrema
664 668 820 728 perventum
845 667 895 712 est.
939 659 1057 711 Matrem

149 743 247 794 meam,
265 729 332 780 duas
349 727 425 795 filias,
443 727 546 780 Ochum
566 727 590 778 in
611 745 686 797 spem
707 727 785 798 hujus
806 727 908 797 imperii
927 729 1056 797 genitum,

148 797 288 876 principes,
301 797 373 850 illam
392 795 510 848 sobolem
529 797 617 863 regiae
637 797 730 866 stirpis,
743 797 827 849 duces
845 806 946 850 vestros
964 813 1057 865 regum

150 867 249 934 instar,²
266 866 370 918 vinctos
387 865 482 918 babet:
508 865 558 917 nisi
577 865 639 934 quid
660 866 685 918 iu
704 867 798 934 vobis,⁸
815 869 872 935 ipse
891 883 939 934 ego
957 867 1057 936 majore

150 934 215 987 mei⁴
227 944 300 1004 parte
319 935 439 1016 captivus
456 951 524 987 sum.
562 937 661 1005 Eripite
679 936 781 988 viscera
798 937 871 988 mea⁵
883 953 917 988 ex
929 936 1055 988 vinculis:

150 1004 278 1056 restituite
297 1005 363 1056 mitn
381 1005 494 1073 pignora,
514 1021 560 1074 pro
578 1006 676 1074 quibus
693 1005 743 1074 ipsi
763 1004 830 1058 mori
850 1021 901 1056 non
920 1005 1056 1072 recusatis,

151 1082 296 1142 parentem,
321 1073 431 1126 liberos:
459 1091 521 1126 nam
545 1075 685 1144 conjugem
715 1076 741 1128 in
767 1075 812 1126 illo
836 1089 942 1126 carcere
969 1074 1057 1126 amisi.

150 1142 264 1212 Credite,
284 1159 353 1196 nunc
370 1159 463 1195 omnes
484 1143 658 1196 hostendere
677 1144 711 1196 ad
729 1159 776 1196 vos
795 1159 899 1212 manus,
918 1144 1057 1212 implorare

151 1213 249 1281 patrius
260 1211 331 1279 deos,
345 1229 424 1280 opem
436 1220 560 1280 vestram,
573 1214 791 1282 misericordiam,
805 1214 887 1265 fidem
905 1227 1056 1280 exposcere,

151 1291 179 1334 ut
190 1281 372 1351 compedibus,
385 1290 413 1332 ut
426 1283 560 1349 servitute,
574 1291 601 1334 ut
620 1284 736 1351 precario
748 1282 830 1335 victu⁸
842 1282 914 1350 ipsos
932 1281 1057 1334 liberetis.
1075 1327 1078 1336 ,

152 1352 193 1403 An
206 1351 312 1402 creditis
323 1365 409 1418 aequo
420 1351 510 1402 animo
528 1351 569 1402 his
581 1353 687 1420 servire,
702 1369 814 1421 quorum
826 1367 903 1418 reges
914 1367 974 1403 esse
987 1351 1057 1402 tasti-

150 1419 255 1472 diuntl'
290 1419 375 1472 Video
395 1419 531 1471 admoveri
555 1419 671 1473 hostium
691 1423 793 1473 eciem:
815 1421 862 1473 sed
881 1437 933 1489 quo
953 1421 1058 1490 propius

150 1487 293 1540 discrimen
313 1487 420 1555 accedo,
442 1487 493 1540 hoc
515 1490 604 1542 miuus
627 1489 677 1558 bis,
698 1507 767 1559 quae
787 1489 851 1555 dixi,
872 1505 979 1558 possum
998 1503 1058 1541 esse

149 1567 298 1610 contentus.
335 1557 385 1610 Per
403 1574 452 1626 ego
471 1575 517 1608 vos
537 1558 602 1610 deos
621 1561 729 1628 patrios⁸
746 1568 939 1628 aeternumque
959 1561 1057 1626 ignem,

149 1627 195 1696 qui
216 1627 362 1696 praefertur
379 1626 513 1696 altaribus,
533 1627 715 1698 fulgoremque
734 1628 797 1680 solis
816 1629 883 1680 intra
901 1629 968 1680 fines
987 1627 1059 1694 regni

150 1697 204 1748 mei
223 1697 338 1765 orientis,
358 1715 404 1766 per
421 1707 557 1749 aeternam
578 1699 735 1750 memoriam
754 1697 823 1766 Cyri,
837 1695 882 1765 qui
902 1693 1058 1764 ademptum

150 1765 242 1818 Medis
254 1767 389 1836 Lydisque
408 1766 551 1834 imperium
569 1769 669 1834 primus
687 1769 713 1818 in
732 1765 869 1819 Persidem
883 1765 984 1818 intulit:
1004 1766 1059 1816 vin·

149 1834 237 1888 dicate
250 1836 284 1888 ab
296 1835 390 1888 ultimo
402 1835 533 1887 dedecore
547 1853 642 1887 nornen
661 1846 822 1905 gentemque
836 1835 982 1886 Persarum.
1019 1835 1059 1886 Ite

149 1903 252 1958 alacres
264 1914 291 1957 et
303 1905 361 1974 spe⁹
371 1905 452 1972 pleni,
466 1914 502 1972 ut,
516 1921 596 1972 quam
614 1905 724 1972 gloriam
736 1903 876 1972 accepistis
888 1920 904 1954 a
916 1902 1060 1972 majoribus

150 1974 253 2042 vestris,
275 1974 386 2043 posteris
409 1973 568 2041 relinquatis.
612 1975 641 2025 ln
665 1973 765 2025 dextris
784 1972 889 2025 vestris*
903 1972 958 2042 jam
981 1971 1062 2024 liber·

150 2053 242 2112 tatem,
255 2058 342 2112 opem,
355 2059 430 2111 spem
444 2042 522 2094 futuri
541 2043 666 2110 temporis
683 2043 780 2110 geritis.
819 2041 920 2109 Effugit
937 2049 1059 2110 mortem,

169 2112 269 2181 uisquis
280 2113 483 2181 contempserit:
503 2110 871 2180 timidissirnumquemque,1⁰
881 2111 1058 2180 consequitur.

120 2225 123 2230 .
149 2129 212 2251 ipss
232 2198 283 2233 non
304 2181 387 2250 patrio
406 2196 479 2233 more
500 2181 593 2249 solum,
607 2181 654 2233 sed
674 2180 755 2234 etiam
772 2191 799 2233 ut
812 2180 929 2250 conspici
950 2180 1058 2249 possim,

180 2279 186 2302 ¹
201 2273 284 2322 ‘Even
296 2273 316 2321 is
323 2274 390 2321 there
402 2289 465 2321 were
477 2289 507 2320 no
519 2273 709 2334 well-grounded
720 2273 800 2332 hope.'
858 2269 861 2276 ’

179 2338 189 2364 ²
200 2338 206 2360 ⁶
217 2333 278 2380 Like
288 2332 375 2393 kings'
394 2332 526 2392 (Literally‚
541 2339 586 2380 ‘au
594 2335 672 2394 image
682 2332 709 2381 of
717 2332 816 2394 lrings.')
834 2331 880 2380 See
891 2331 988 2389 Zumpt,
1000 2330 1058 2382 §8st

179 2396 189 2420 ²
200 2391 304 2440 ‘Unless
313 2392 380 2440 there
387 2392 407 2440 is
416 2392 553 2452 something
562 2392 586 2438 in
594 2407 641 2451 you
650 2393 666 2449 ;’
680 2392 731 2440 tbat
740 2393 769 2447 is,
779 2392 861 2440 unless
868 2405 916 2450 you
922 2391 984 2437 have
991 2404 1058 2438 some

150 2465 241 2512 euergy
252 2453 298 2499 and
309 2467 397 2510 power.
428 2451 487 2498 Nisi
495 2453 554 2510 quid
563 2454 679 2504 monicali,
688 2454 781 2500 uirium

179 2512 219 2558 ‘A
230 2510 336 2570 genitive
348 2511 465 2569 partitive.
492 2510 541 2557 ‘So
551 2509 586 2556 lar
597 2525 623 2558 as
634 2511 731 2570 regards
742 2511 784 2558 the
794 2521 889 2570 greater
897 2518 949 2567 part
958 2507 986 2555 os
992 2523 1031 2556 me
1040 2508 1057 2565 ;’

151 2569 203 2639 that
220 2569 249 2626 is,
267 2568 415 2618 his-mother
425 2568 471 2616 aad
482 2568 598 2623 children,
612 2568 693 2616 whom
708 2568 738 2616 he
755 2571 877 2618 considers
893 2584 920 2616 as
937 2583 950 2614 a
967 2578 1018 2626 part
1029 2567 1058 2616 os

151 2627 262 2769 brqrpehlisy
272 2684 361 2735 virale!
395 2685 443 2734 We
459 2685 536 2746 might
555 2700 608 2745 say,
626 2685 703 2733 under
717 2685 809 2733 similar
824 2685 980 2738 excitement,
1001 2689 1058 2746 ‘my

151 2747 254 2853 hoppho
271 2819 354 2873 means
365 2803 392 2850 ol
404 2803 487 2864 living,
500 2803 579 2851 which
591 2803 650 2864 they
660 2804 732 2864 enioy
742 2802 799 2863 only
809 2802 869 2851 lrom
880 2803 921 2874 the
932 2803 1057 2865 clemeucy

151 2862 608 2992 and,apvtppeppippg'utpgenpqqqqesrppffi
619 2924 704 2992 tobe'¹
736 2921 762 2970 Il
768 2937 806 2969 we
817 2919 1019 2991 readsostafdiurrt,
1030 2937 1057 2972 aa

152 2981 536 3100 l⁰⁹tt⁰ldtlt⁰tlffl⁶iltllt
547 2981 688 3090 ‘limis‘lin
698 2987 748 3090 'iti
756 2981 1057 3099 :terrueruut

152 3055 208 3148 ihi
216 3100 286 3168 letter
293 3115 372 3168 seems
380 3077 441 3148 to’be
451 3101 491 3148 the
499 3075 565 3148 mois
573 3057 726 3161 nhiuralivay
731 3057 863 3170 oimaking
870 3098 911 3168 the
917 3107 1056 3146 statement.

180 3164 189 3190 ⁸
205 3158 252 3207 Oro
260 3175 281 3206 rs
289 3159 398 3215 omitted,
408 3159 453 3208 and
466 3161 506 3206 the
517 3177 566 3221 per,
577 3175 603 3206 as
613 3161 633 3207 is
642 3161 711 3208 usual
720 3162 743 3208 in
753 3160 894 3220 adjuration,
902 3174 923 3206 rs
932 3157 1058 3217 separated

151 3218 213 3265 from
224 3217 265 3267 the
277 3219 426 3266 substantive
438 3219 518 3266 which
529 3220 546 3266 it
559 3234 676 3278 governs:
691 3237 735 3281 per
744 3223 798 3270 deos
807 3222 897 3282 patrios
908 3235 948 3280 ego
959 3233 998 3265 uos
1007 3233 1055 3274 oro,

152 3277 202 3326 dcc.
234 3275 280 3324 See
293 3277 390 3335 Zumpt.
403 3277 432 3328 ll
443 3282 487 3326 773
499 3278 543 3326 und
556 3281 607 3327 794.

180 3339 189 3364 ⁹
200 3334 255 3384 The
266 3334 334 3382 usual
346 3337 508 3384 construction
520 3336 636 3400 osplenus
648 3337 671 3384 in
683 3337 791 3396 Curtius,
805 3337 850 3386 and
861 3333 947 3384 indeed
958 3333 983 3382 in
993 3343 1057 3382 most

150 3395 260 3450 authors,
274 3394 294 3442 is
306 3394 364 3441 with
376 3393 541 3500 thegenitive.
570 3396 616 3443 See
630 3397 709 3445 Gram.
721 3397 734 3448 l
745 3401 798 3453 277,
811 3399 833 3444 5.
861 3395 978 3452 Perhaps,
990 3393 1057 3442 how·

151 3469 217 3510 ever,
229 3464 270 3516 spe
280 3454 323 3501 isa
334 3452 394 3500 lorrn
405 3468 420 3500 o
440 3454 481 3524 the
492 3455 607 3524 genitive.
640 3456 686 3505 See
700 3457 780 3525 Grum.
790 3455 804 3507 b
815 3459 853 3506 73,
865 3463 922 3502 note
932 3455 955 3498 2.

180 3517 198 3544 ⁸⁰
206 3513 255 3562 For
265 3513 306 3562 the
317 3528 360 3561 use
371 3511 400 3560 ol
410 3527 509 3574 quasque
519 3513 578 3562 with
590 3529 604 3562 a
614 3514 768 3575 superlative,
781 3527 822 3562 see
834 3513 932 3572 Zumpt,
946 3509 1023 3561 llll).
