2314 3886
506 289 598 330 uraca
618 291 658 331 vr.
983 259 1035 334 l'il

128 397 231 452 femina
253 397 299 452 illa
321 399 543 452 murmurantium
567 399 635 451 inter
658 416 687 452 se
711 399 816 453 silentio
838 400 937 472 verius,
956 417 1039 470 quam

129 469 379 540 sono,'excitaretur.
417 467 541 521 Ludibrio
559 470 584 520 ei
597 468 678 521 luisse
692 471 801 522 rusticos
813 470 943 542 homines,
956 471 1038 541 Phry·

129 555 228 606 casque
252 546 279 590 et
303 537 496 606 Paphlagonas¹
519 538 678 606 appellatos:
708 540 754 608 qui
784 556 835 592 non
859 539 1037 611 erubesceret,

160 607 243 662 acedo
255 617 340 676 natus,
355 607 476 660 homines
488 607 596 674 linguae
613 625 677 660 suae
695 625 742 678 per
754 606 923 678 interpretem
936 609 1037 663 audire.

128 679 208 730 Nunc
220 695 266 730 cur
277 677 455 733 Hammonem
468 677 570 729 consuli
584 677 684 730 velletl
702 679 820 730 eundem
835 679 908 732 Jovis
919 683 1038 747 arguisse

129 747 307 815 mendacium,
322 746 503 799 Alexandrum
516 747 600 800 filium
612 749 787 817 agnoscentis,
802 748 902 800 scilicet
915 753 1035 819 rerirnrn,

129 833 162 869 ne
181 817 341 870 invidiosum
359 824 438 885 esset,
458 817 527 886 quod
547 816 583 868 dii
602 817 748 870 offerrent.²
783 819 851 870 Cum
870 817 1038 872 insidiaretur

129 887 210 956 capiti
230 886 300 954 regis
318 893 345 939 et
363 885 451 954 amici,
465 903 517 938 nou
535 885 697 939 consuluisse
710 904 772 939 eum
785 887 895 940 lovem:
915 903 986 940 nunc
1003 889 1037 940 ad

129 955 266 1008 oraculum
282 957 396 1024 mittere,
410 955 474 1008 durn
493 963 568 1024 pater
583 955 640 1025 ejus
658 955 817 1026 sollicitetur,
832 956 876 1026 qui
894 957 992 1026 praesit
1011 957 1039 1009 in

129 1025 232 1095 Media,
253 1033 280 1076 et
303 1025 426 1095 pecunia,
447 1024 523 1094 cujus
546 1025 666 1078 custodia
689 1027 833 1079 commissa
857 1027 898 1094 sit,
922 1026 1040 1096 perditos

129 1094 251 1147 homines
262 1093 296 1148 ad
309 1093 464 1146 societatem
478 1094 587 1148 sceleris
604 1094 731 1164 impellat.
767 1097 779 1149 l
799 1112 842 1148 sos
859 1095 987 1148 missuros
1004 1094 1038 1148 ad

130 1163 275 1234 oraculum,
294 1179 346 1215 non
364 1164 409 1233 qui
427 1165 522 1218 Jovem
542 1165 708 1234 interrogent,
721 1113 797 1234 quod
810 1182 843 1218 ex
862 1181 925 1233 rege
942 1181 1038 1233 cogno·

129 1233 224 1300 verint,
237 1231 283 1285 sed
296 1233 341 1302 qui
352 1235 450 1301 gratias
467 1242 555 1303 agant,
569 1234 612 1303 qui
626 1243 687 1286 vota
705 1250 751 1304 pro
768 1235 950 1288 incolumitate
969 1236 1039 1304 regis

129 1301 222 1372 optimi
239 1302 398 1371 persolvant.
434 1305 503 1356 Turn
516 1319 579 1355 vero
592 1303 713 1358 universa
725 1305 811 1356 contio
823 1319 937 1356 accensa
949 1312 998 1372 est,
1012 1312 1040 1356 et

129 1371 281 1440 acorporis
303 1371 457 1428 custodibus
481 1373 585 1425 initium
608 1373 717 1442 sactum,
737 1372 922 1442 clamantibus,
942 1373 1039 1426 discer-

148 1441 245 1493 endum
259 1457 318 1494 esse
335 1442 494 1522 parricidam
513 1442 636 1495 manibus
654 1443 765 1495 eorum.a
800 1442 828 1495 ld
849 1442 959 1512 quidem
978 1443 1038 1496 Phi·

128 1459 203 1579 lbtas,
212 1509 256 1579 qui
267 1527 387 1579 graviora
399 1511 530 1582 supplicia
540 1521 680 1582 metueret,
693 1511 765 1564 haud
777 1529 842 1564 sane
851 1512 941 1582 iniquo
950 1513 1039 1590 animo

128 1579 262 1633 audiebat.
772 1589 773 1592 ’

162 1653 205 1702 42.
223 1650 280 1702 Rex
296 1649 324 1702 in
341 1649 492 1702 contionem
511 1667 640 1719 reversus,
655 1651 711 1702 sive
723 1658 752 1703 ut
764 1650 790 1702 in
803 1650 922 1704 custodia
934 1667 1040 1722 quoque

128 1721 279 1789 torqueret,⁴
298 1719 353 1772 sire
371 1728 400 1772 ut
417 1717 571 1788 diligentius
588 1727 684 1772 cuncta
702 1727 880 1790 cognosceret,
896 1721 1040 1774 concilium

128 1790 154 1842 in
178 1797 312 1858 posterum
333 1789 406 1842 diem
427 1789 545 1841 distulit:
568 1799 595 1842 et
614 1806 777 1867 quamquam
798 1790 823 1842 in
841 1805 983 1860 vesperam
1002 1791 1039 1844 iu·

128 1857 244 1911 clinabat
256 1857 321 1926 dies,
336 1867 424 1912 tamen
437 1859 538 1910 amicos
550 1859 688 1912 convocari
706 1858 790 1927 jubet.
829 1859 861 1911 Et
874 1860 971 1912 ceteris
980 1861 1039 1930 qui·

128 1925 190 1980 dern
216 1926 346 1996 placebat,
368 1928 548 1980 Macedonum
569 1944 642 1979 more
663 1927 738 1979 obrui
762 1927 840 1996 saxis,
859 1928 1039 1998 Hephaestion

128 2005 218 2050 autem
242 2004 269 2047 et
292 1995 415 2048 Craterus
442 2003 469 2048 et
498 1997 602 2048 Coenus
631 1997 768 2049 tormentis
790 1996 931 2050 veritatem
955 2001 1040 2067 expri-

128 2064 254 2118 mendam
274 2082 333 2118 esse
352 2065 482 2134 dixemnt,
502 2075 528 2118 et
549 2066 587 2118 illi
607 2082 719 2136 quoque,
738 2065 783 2136 qui
803 2065 874 2118 aliud
895 2077 1038 2137 suaserant,

129 2136 154 2187 in
184 2133 279 2188 horum
308 2136 469 2188 sententiam
499 2142 644 2188 transeunt.
688 2136 801 2189 Consilio
831 2151 892 2204 ergo
921 2136 1038 2206 dimisso,

128 2203 307 2272 Hephaestion
320 2221 383 2257 curn
395 2205 499 2258 Cratero
512 2213 539 2259 et
551 2205 638 2258 Coeno
649 2206 684 2261 ad
694 2207 879 2276 quaestionem
891 2205 924 2258 de
938 2206 1040 2259 Philota

129 2273 282 2326 habendam
303 2283 472 2344 consurgunt.
509 2273 565 2328 Rex
588 2285 688 2330 cratero
709 2275 845 2346 accersito,
867 2284 894 2329 et
918 2293 1039 2329 sermone

129 2343 226 2412 habito,
246 2342 321 2411 cujus
342 2347 458 2397 summa⁵
478 2362 528 2398 non
550 2346 623 2398 edita
643 2356 691 2415 est,
711 2345 738 2398 in
763 2345 885 2398 intimam
905 2345 1040 2398 diversorii

128 2421 231 2484 partem
244 2415 362 2480 secessit,
376 2422 402 2466 et
415 2417 522 2468 remotis
532 2415 634 2468 arbitris
653 2417 679 2468 in
696 2417 809 2468 multam
828 2423 933 2467 noctem
946 2433 1039 2484 quaes·

129 2482 205 2535 tionis
217 2485 368 2552 expectavit
381 2494 517 2538 eventum.
553 2485 675 2538 Tortores
687 2485 715 2538 in
728 2493 900 2553 conspectum
919 2483 1038 2537 Philotae

128 2552 217 2606 omnia
226 2551 388 2607 crudelitatis
401 2554 575 2607 instrumenta
586 2564 742 2624 proponunt.
779 2555 813 2608 Et
826 2553 870 2605 illc
883 2553 956 2622 ultro,
970 2554 1039 2612 Quid

128 2622 246 2691 cessatis,
266 2623 356 2692 inquit,
378 2624 447 2691 regis
466 2624 612 2692 inimicum,
632 2623 848 2690 interfectorem,⁶
867 2623 1039 2677 confitentem

127 2691 268 2744 occideret
295 2693 359 2762 quid
377 2693 532 2762 quaestione
550 2709 616 2764 opus
636 2695 696 2748 esti
722 2693 844 2762 cogitavi,
862 2691 941 2744 volui.
978 2693 1038 2745 Cra·

127 2771 200 2814 terus
224 2763 338 2831 exigere,
365 2771 401 2832 ut,
424 2779 494 2832 quae
518 2765 694 2834 confiteretur,
720 2763 745 2816 in
773 2762 911 2815 tormentis
933 2778 1038 2831 quoque

127 2829 236 2884 diceret.
272 2833 342 2885 Dum
360 2832 506 2903 corripitur,
526 2832 589 2886 dum
609 2833 758 2902 obligantur
774 2830 852 2901 oculi,
871 2831 935 2884 duur
955 2832 1038 2885 vestis

157 2946 237 2994 ¹Both
253 2949 280 2995 cl
295 2949 364 2998 these
382 2951 476 3000 natione
493 2965 556 2997 were
574 2950 696 2998 notorious
713 2965 802 3010 among
819 2949 859 2998 the
876 2950 983 2999 aucieuts
1001 2949 1037 2998 sor

127 3007 245 3054 slowness
256 3007 283 3054 of
295 3009 410 3058 intellect.
444 3009 583 3070 Regarding
599 3009 640 3056 the
658 3009 802 3070 Phrygiam,
816 3009 856 3056 the
872 3011 974 3069 proverb
986 3024 1037 3056 was

127 3076 237 3114 current:
256 3067 313 3114 Sero
323 3071 421 3128 capiunt
432 3067 547 3131 Phryges.
741 3093 743 3097 ·

154 3124 290 3173 ²Ironical:
306 3125 356 3174 ‘sor
365 3126 394 3174 he
403 3127 492 3183 secred,
504 3143 534 3175 no
543 3127 627 3184 doubt,
639 3127 685 3176 lest
696 3127 737 3175 the
749 3127 819 3187 god's
829 3127 974 3176 declaration
985 3127 1036 3174 that

127 3183 268 3232 Alexander
279 3200 330 3233 was
345 3185 383 3234 his
394 3202 448 3244 son,
461 3187 533 3247 being
544 3187 603 3235 such
615 3204 646 3236 an
656 3187 835 3248 extraordinary
844 3187 945 3240 honour,
958 3186 1036 3246 might
1118 3249 1123 3259 l

174 3244 178 3252 ·
291 3245 298 3267 r

127 3253 371 3380 exfjltpbrirnrbrbwculd
386 3303 448 3352 have
463 3307 526 3352 been
542 3321 608 3353 more
624 3305 711 3366 rigidly
722 3317 840 3354 accurate.
873 3305 920 3354 See
937 3303 1034 3363 Zumpt,

127 3363 139 3414 ᾖ
152 3367 244 3510 {litore
256 3420 401 3502 accurately,
414 3424 465 3470 siue
474 3432 501 3470 ut
512 3431 628 3488 torqueret
639 3440 729 3485 quoque
740 3426 766 3472 in
776 3425 890 3473 custodio.

154 3481 403 3600 ,Eppsrpptcozauy
414 3540 523 3589 omitted.
555 3541 602 3589 See
615 3541 714 3602 Zumpt,
725 3542 739 3594 i
750 3545 803 3591 783,
