2438 3886
537 267 630 311 crura
649 267 689 308 rr.
1028 255 1066 312 5³

151 405 152 408 ¹
198 384 235 432 10.
253 378 306 434 Sed·
317 385 378 434 ante
396 377 520 449 jacienda
537 375 623 432 moles
641 384 704 448 erat,
718 394 787 447 quae
806 375 952 432 continenti
971 377 1066 435 urbem

159 450 345 508 committeret.
389 449 486 516 lugens
509 464 571 514 ergo
594 447 696 500 animos
718 447 833 502 militum
856 446 1004 517 desperatio
1027 447 1065 502 in·

159 520 248 588 cessit,
269 519 435 572 cernentium
458 515 617 586 profundum
642 533 723 586 mare,
745 517 814 586 quod
836 517 880 570 rix
903 517 993 570 diviua
1016 533 1066 588 ope

159 598 248 659 pusset
271 587 389 658 impleri:
414 603 482 656 quae
508 603 571 638 saxa
594 595 648 638 tarn
673 595 755 655 rasta,
777 604 843 656 quas
867 595 924 640 tam,
944 602 1067 656 proceras

159 659 266 712 arbores
282 674 360 727 posse
378 655 504 726 reperiri?
522 653 716 708 exhauriendas
734 673 794 708 esse
812 656 940 726 regiones,
954 663 983 709 ut
1001 655 1066 710 illud

160 729 277 798 spatium
296 727 518 796 exaggeraretur‚¹
537 734 693 780 exaestuare
713 741 818 795 semper
836 726 943 795 fretum,
961 741 1066 795 quoque

159 798 243 850 artius
261 795 402 849 volutetur²
424 797 491 848 inter
515 794 627 849 insulam
652 803 678 847 et
702 797 889 865 continentem,
911 794 962 847 hoc
981 795 1068 848 acrius

159 865 256 920 furere.
290 869 329 919 -At
350 865 395 918 ille
414 864 621 934 haudquaquam
644 863 718 919 rudis
741 863 917 934 pertractandi
940 863 1068 918 militares

160 936 272 1004 animos,
292 953 305 988 s
341 935 410 988 ciem
430 934 481 988 sibi
501 933 623 986 Herculis
641 933 667 986 in
688 949 779 987 somno
797 933 913 987 oblatam
933 949 992 986 esse
1010 949 1067 1003 pro·

119 1041 120 1044 =
160 1006 270 1074 nuntiat,
315 1013 417 1061 extrem
440 1004 610 1074 porrigentis:
641 1003 686 1056 illc
712 1004 788 1073 duee,
813 1003 857 1058 illo
881 1002 1017 1073 aperiente
1040 1004 1069 1056 in

160 1076 256 1128 urbem
279 1075 375 1128 intrare
398 1090 427 1126 se
451 1075 546 1128 visum.
582 1073 652 1126 Inter
676 1072 743 1126 haec
773 1073 961 1126 caduceatores
991 1072 1067 1126 inter·

161 1144 252 1212 lectos,
273 1145 393 1210 gentium
413 1141 471 1211 jura
492 1142 588 1194 violata
607 1142 754 1195 referebat:
779 1160 861 1196 unam
881 1158 941 1194 esse
962 1142 1065 1210 urbem,

159 1230 229 1282 quae
250 1229 357 1266 cursum
380 1212 487 1265 victoris
509 1211 604 1263 morari
626 1229 692 1264 ausa
714 1226 794 1264 esser.
830 1211 948 1266 Ducibus
971 1210 1068 1264 deinde
1100 1273 1108 1283 Ἰ

160 1283 297 1352 negotium
314 1281 399 1352 datur,
414 1292 441 1334 ut
456 1285 520 1333 'suos
538 1281 650 1350 quisque
668 1282 800 1350 castiget,³
812 1282 928 1351 satisque
946 1281 1069 1334 omnibus

159 1351 309 1420 stimulatis,
328 1368 393 1421 opus
412 1368 486 1404 orsus
505 1358 554 1402 est.
589 1351 690 1418 Magna
708 1353 749 1404 vis
770 1367 890 1404 saxorum
907 1349 942 1403 ad
959 1367 1068 1404 manum

160 1430 224 1489 erat,
249 1422 319 1491 Tyro
342 1430 433 1474 vetere
456 1419 614 1498 praebente:
647 1421 771 1473 materies
794 1438 826 1474 err
851 1420 952 1474 Libano
980 1427 1069 1473 monte

160 1491 258 1544 ratibus
276 1500 303 1544 et
321 1491 434 1544 turribus
452 1487 583 1542 iaciendis
599 1489 788 1543 advehebatur.
823 1491 937 1559 Jamque
954 1507 971 1542 a
989 1488 1081 1560 fundo,

160 1561 241 1614 maris
254 1560 279 1613 in
291 1559 457 1614 altitudinem
469 1558 601 1613 modicam
620 1575 634 1610 ο
655 1576 686 1611 us
703 1567 829 1629 creverat,
843 1559 961 1613 nondum
979 1567 1070 1612 tamen

159 1647 245 1699 aquae
258 1629 391 1698 fastigium
404 1627 550 1698 aequabat:
565 1645 626 1681 curn
634 1577 716 1698 hym,
727 1629 812 1698 parvis
824 1629 935 1697 navigiis
946 1628 1068 1698 admotis,

160 1715 206 1768 per
220 1699 363 1752 ludibrium
381 1697 592 1768 exprobrabarrt,⁴
610 1698 668 1750 illos
686 1699 768 1751 armis
785 1698 887 1752 inclitos
906 1697 982 1752 derso
1000 1699 1068 1751 sieut

159 1769 280 1838 jumenta
308 1785 387 1820 onera
412 1779 531 1836 gestare:
561 1767 755 1836 interrogabant
783 1770 873 1848 etiam3
898 1785 962 1822 num
986 1767 1070 1838 major

160 1840 285 1958 Neptuno
297 1837 448 1891 Alexander
459 1835 549 1888 essetl
584 1837 659 1889 Haec
677 1837 734 1907 ipsa
753 1837 890 1891 insectatio
902 1837 1070 1890 alacritatem

160 1909 197 1960 mi
211 1909 275 1960 itum
288 1907 419 1960 accendit.
723 1933 727 1943 ·

199 1983 237 2029 ll.
256 1979 370 2045 Jamque
388 1975 497 2045 paulum
516 1974 600 2026 moles
616 1977 696 2044 aqua⁵
712 1975 857 2044 eminebat,
876 1984 903 2028 et
927 1974 1007 2026 simul
1024 1991 1071 2044 ug-¹

160 2047 231 2114 geris
251 2045 361 2098 latitudo
381 2044 526 2113 crescebat,
549 2043 660 2112 urbique
683 2044 889 2098 admovebatur:
914 2058 975 2096 cum
995 2043 1068 2114 Tyrii

159 2115 344 2183 magnitudine
362 2114 447 2183 molis,
460 2112 538 2182 cujus
550 2113 742 2168 incrementum
761 2129 807 2166 eus
823 2123 902 2167 antea
920 2111 1070 2184 fefellerat‚⁸

160 2195 309 2254 conspecta,
323 2184 426 2237 levibus
438 2182 552 2250 navigiis
563 2182 679 2236 nondum
692 2183 864 2236 commissum
875 2199 949 2254 opus*
958 2183 1070 2237 circum·

161 2254 368 2324 irecceperunt,
382 2252 525 2306 missilibus
543 2268 648 2322 quoque
666 2269 719 2323 eos,
733 2254 778 2322 qui
796 2270 841 2324 pro
858 2269 937 2324 opere
955 2251 1068 2322 stabant,

160 2325 302 2377 incessere.
338 2323 432 2379 Multis
444 2338 506 2390 ergo
524 2321 633 2390 impune
646 2322 796 2392 vulneratis,
809 2339 871 2376 curn
890 2330 917 2376 et
934 2337 1069 2376 removere

161 2401 189 2446 et
200 2393 335 2464 appellere
347 2393 461 2462 scaphas
474 2393 500 2444 in
513 2391 635 2460 expedito
647 2394 738 2461 esset‚⁷
749 2391 782 2444 ad
795 2408 886 2445 curam
898 2399 983 2444 semet
1000 2391 1070 2462 ipsos

161 2465 252 2516 tuendi
263 2464 298 2517 ab
310 2479 389 2532 opere
401 2469 600 2515 converterant:
619 2469 647 2512 et
664 2478 716 2530 quo
734 2461 835 2530 longius
846 2461 931 2514 moles
942 2460 1071 2529 agebatur

160 2549 177 2584 a
198 2532 279 2602 litore,
301 2531 352 2586 hcc
372 2531 458 2600 magis
480 2529 606 2598 quicquid
627 2529 794 2598 ingerebatur
812 2529 958 2599 praealtum
981 2529 1069 2582 absor-

160 2601 242 2655 bebat
263 2619 346 2654 mare.
383 2601 466 2670 Igitur
490 2615 535 2652 rex
558 2599 740 2652 munientibus
762 2601 832 2652 coria
857 2598 968 2668 velaque
990 2597 1070 2668 jussit

160 2671 275 2742 obtendi,
291 2681 318 2724 ut
331 2679 404 2724 extra
417 2668 462 2722 teli
474 2666 576 2736 jactum
589 2677 691 2721 essent:
711 2669 829 2738 duasque
841 2675 926 2720 turres
937 2683 972 2720 ex
982 2667 1069 2738 capite

159 2741 237 2794 molis
255 2742 358 2811 erexit,³
370 2757 385 2792 e
397 2738 495 2808 quibus
507 2738 532 2790 iu
546 2736 690 2790 subeuntes
707 2737 821 2806 scaphas
838 2735 892 2789 tela
908 2735 992 2806 ingeri
1009 2753 1069 2808 pos·

189 2876 196 2899 ¹
210 2871 262 2918 ‘Tc
273 2870 307 2918 lill
317 2885 350 2930 up
361 2870 413 2918 that
424 2853 496 2926 space
508 2837 566 2913 nith
578 2881 592 2912 a
602 2865 683 2914 mole!

188 2934 198 2959 ²
210 2930 281 2978 ‘And
292 2930 333 2978 rhe
345 2942 465 2976 nerrcwer
476 2927 508 2974 its
519 2940 604 2973 ccurse
616 2925 686 2980 was,’
700 2924 748 2973 duc.

161 3047 166 3058 ι
188 2993 198 3016 ²
209 2988 271 3056 This
282 2988 347 3057 word
359 2987 464 3046 implies,
480 2984 602 3053 ‘tobring
618 2985 659 3065 the
675 2999 731 3032 men
743 2993 768 3032 tc
778 2982 841 3033 their
851 2982 920 3044 duty,
932 2984 966 3045 by
976 2983 1065 3042 words,

160 3045 181 3095 If
189 3044 743 3162 pidilihh’cdhslihtr’ctbidnpdil‘mchhetldihporsle,¹
753 3117 795 3152 see
806 3101 886 3152 Gram.
896 3101 909 3155 i
918 3105 970 3160 355,
980 3113 1037 3152 note
1046 3104 1067 3151 l.

189 3165 279 3270 Ἀἥυα
289 3181 310 3214 rs
322 3165 377 3213 here
388 3163 449 3213 used
459 3164 496 3211 sur
506 3180 533 3210 ea
543 3179 613 3223 aqua.

188 3229 216 3254 ⁸⁴
252 3223 491 3282 adescapedthsm.1

189 3287 197 3310 ³
210 3283 247 3330 ‘It
259 3298 309 3330 was
320 3297 378 3342 easy
387 3282 422 3330 sor
433 3282 509 3338 thern,
518 3281 576 3340 they
585 3295 649 3328 were
658 3279 853 3339 notprevented.¹
880 3277 928 3327 We
936 3294 980 3338 say
989 3294 1025 3326 res
1034 3287 1069 3346 ert

160 3345 186 3392 ia
197 3344 310 3411 appellite,
323 3356 355 3389 on
365 3341 406 3388 the
418 3347 484 3390 same
496 3340 599 3410 auelogy
610 3355 637 3388 as
649 3355 685 3389 m
693 3349 728 3388 ert
739 3341 850 3396 indubie,
862 3341 889 3388 ia
899 3345 985 3400 aperto.
1015 3335 1038 3384 It
1046 3351 1069 3386 rs

158 3401 589 3516 eqprTvplppppcerrpcrgppppeiprpppw,
605 3461 662 3506 ‘out
678 3457 707 3527 cf
718 3457 759 3505 the
775 3466 816 3528 top
831 3455 859 3506 cf
869 3455 911 3504 the
926 3453 1007 3504 mols!
1032 3452 1070 3504 'Iu

157 3519 201 3568 the
212 3530 270 3569 next
281 3519 380 3581 chapter
388 3534 436 3568 cur.
441 3517 528 3569 author
537 3531 594 3568 uses
605 3517 632 3566 in
641 3525 717 3580 capue
726 3517 802 3565 mla.
