2264 3880
440 261 532 303 araas
551 262 594 302 rx.
678 242 680 246 ’
887 269 889 274 ·
910 245 968 320 269

64 371 238 441 complexum,
249 371 339 424 adhue
351 369 378 423 in
389 387 497 441 operum
511 386 617 424 snorum
636 370 776 440 primordio
794 377 880 422 stare:
900 367 967 422 mili·

65 451 116 494 tem
139 441 226 494 labore
243 441 425 510 defatigatum,
439 441 587 510 proximum
605 456 740 510 quemque
757 439 883 492 fructum¹
894 439 967 492 finito

64 480 169 562 tandem
182 509 297 579 periculo
310 520 442 578 expetere.

96 585 121 632 8.
139 579 210 632 Vioit
232 595 293 647 ergo
317 578 413 648 cupido
436 578 573 646 rationem,
592 585 619 630 et
638 577 671 630 ad
695 578 843 630 contionem
866 577 968 630 vocatis
1039 611 1042 617 -

63 648 197 716 militibus,
217 647 251 700 ad
275 647 345 700 huno
363 648 480 700 maxime
500 645 609 699 modum
629 647 765 699 disseruit:
789 647 848 699 Non
868 647 965 716 ignoro,

62 719 166 786 milites,
186 717 276 786 multa,
295 734 364 786 quae
383 725 479 770 terrere
498 730 545 768 vos
567 717 694 784 possent,²
710 716 745 768 ab
763 715 856 767 incolis
875 715 967 768 Indiae

61 803 108 857 per
119 787 167 840 boa
179 786 237 838 dies
249 788 283 839 de
297 786 423 839 industrie
435 803 493 837 esse
508 785 623 852 jactata:
644 785 690 837 sed
710 802 760 838 non
773 794 813 836 est
825 785 967 854 improvisa

61 857 135 910 vobis
147 856 331 908 mentientium
345 854 467 907 vanitas.³
502 853 543 906 Sic
556 853 663 906 Ciliciae
677 854 774 922 fauces,
789 853 829 906 sio
844 855 967 922 Mesopo·

61 926 158 978 temiae
176 941 293 994 campos,
307 925 404 991 Tigrim
424 933 450 975 et
470 923 630 992 Euphraten,
644 939 757 992 quorum
773 923 886 979 alterurn
899 921 967 974 vado

63 994 238 1064 transivimus,
270 995 383 1046 alterum
417 1003 503 1062 ponte,
536 993 680 1044 terribilem
710 993 829 1044 fecerant
858 992 966 1044 Persae.

60 1065 204 1132 Nunquam
227 1061 262 1114 ad
287 1061 415 1131 liquidum
441 1061 513 1114 fama
538 1061 704 1130 perducitur:
731 1061 827 1130 omnia,
846 1060 891 1113 illa
917 1069 966 1112 tra·

60 1133 147 1201 dente,
161 1132 261 1200 majora
279 1141 339 1184 sunt
357 1147 425 1182 vero.
463 1132 557 1184 Nostra
576 1148 680 1200 quoque
698 1130 788 1200 gloria,
800 1147 861 1182 curn
880 1128 914 1181 sit
933 1145 979 1180 exi

60 1203 163 1270 solirlo,⁴
177 1201 237 1272 plus
249 1209 338 1256 tamen
351 1199 431 1252 babet
450 1201 569 1269 nominis,
583 1217 664 1270 quam
682 1199 777 1268 operis.
813 1199 895 1252 Modo
908 1198 967 1267 quis

59 1271 153 1326 beluas
171 1271 313 1322 offerentes
326 1270 458 1322 moenium
473 1270 600 1340 speciem,
614 1271 675 1338 quis
686 1268 830 1340 Hydaspen
847 1283 964 1336 amnem,

58 1343 118 1410 quis
130 1351 219 1393 cetera
230 1339 322 1391 auditu
341 1337 448 1407 majora,
461 1357 541 1407 quam
554 1355 623 1407 vero,
638 1339 767 1390 sustinere
780 1354 857 1408 posse
875 1338 966 1390 crede·

58 1410 124 1463 batt
160 1409 230 1462 Olim
249 1407 355 1460 hercule
373 1407 534 1475 fugissemus
553 1425 587 1460 ex
604 1409 675 1477 Asia,
690 1408 711 1463 si
730 1425 778 1461 nos
795 1406 900 1461 fabulae
920 1407 966 1458 de·

58 1479 158 1534 bellare
171 1477 325 1548 potuissent.
362 1476 507 1529 Creditisne
521 1477 722 1546 elephantorum
739 1493 835 1546 greges
852 1478 966 1548 majores

58 1566 126 1616 esse,
151 1564 232 1616 quarn
255 1563 366 1616 usquam
390 1552 568 1600 armentorum
591 1547 671 1600 auntl
694 1563 756 1598 oum
780 1557 807 1599 et
825 1563 914 1599 rarum
932 1546 966 1598 sit

57 1617 164 1685 animal,
184 1633 233 1668 nec
257 1615 336 1668 faoile
359 1616 484 1684 capiatur,
503 1615 653 1684 multoque·
665 1615 803 1668 difficilius
820 1616 964 1682 mitigetur.

56 1687 140 1756 Atqui
153 1685 250 1738 eadem
262 1687 366 1738 vanitas
378 1683 468 1753 copias
482 1684 601 1753 peditum
614 1685 787 1753 equitumque
806 1684 965 1736 numeravit,

55 1757 126 1809 Nam
146 1755 254 1822 flumen,
274 1771 326 1824 quo
349 1755 429 1806 latius
452 1752 539 1805 fusum
564 1761 612 1818 est,
632 1771 681 1806 noo
699 1752 829 1822 placidius
846 1760 964 1820 stagnat:

55 1826 155 1893 quippe
176 1825 297 1890 angustis
323 1823 386 1890 ripis
410 1822 531 1890 coercita,
551 1831 577 1873 et
604 1823 630 1875 in
655 1823 832 1890 angustiorem
858 1821 965 1875 alveum

56 1893 132 1961 elisa,
146 1901 275 1944 torrentes
294 1907 378 1959 aquas
397 1891 523 1943 invehunt
533 1893 551 1958 3⁶
563 1900 652 1943 contra
670 1891 754 1960 spatio
774 1891 844 1943 alvei
862 1893 966 1958 segnior

55 1978 150 2014 cursus
162 1977 199 2012 es.
236 1960 376 2012 Praeterea
388 1959 413 2012 in
427 1960 481 2028 ripa
493 1975 572 2012 omne
592 1961 738 2027 periculum
758 1970 805 2027 est,
819 1959 865 2012 ubi
882 1961 966 2030 appli-

56 2039 150 2081 cantes
158 2027 265 2096 navigia
274 2027 356 2080 hostis
366 2037 496 2097 expectat.
526 2029 565 2080 lta
574 2038 809 2098 quantumcunque
817 2029 918 2082 flumen
927 2030 966 2082 in·

57 2097 179 2165 tervenit,
194 2096 267 2149 idem
279 2096 396 2150 futurum
409 2097 551 2149 discrimen
565 2106 606 2148 est
618 2098 790 2151 evadentium
802 2099 828 2151 in
840 2106 947 2150 terram.

92 2171 115 2218 9.
136 2165 188 2218 Sed
211 2166 300 2218 omnia
323 2167 372 2216 ista
397 2183 458 2218 vera
482 2183 542 2218 esse
571 2166 711 2234 fingamus.
755 2167 895 2222 Utrumne⁶
919 2184 967 2220 vos

56 2234 212 2303 magnitudo
236 2233 383 2304 beluarum,
402 2247 436 2287 an
460 2235 601 2292 multitudo
620 2237 735 2290 hostium
753 2237 853 2290 terretl
888 2236 966 2294 Quod

55 2305 169 2374 pertinet
189 2305 223 2358 ad
248 2303 408 2373 elephantos,
428 2321 555 2374 praesens
581 2305 713 2359 habemus
740 2305 910 2376 exemplum:
938 2307 964 2359 in

55 2391 117 2427 suos
135 2373 328 2441 vehementius,
341 2390 420 2441 quarn
440 2374 467 2427 in
485 2391 533 2426 nos
551 2374 723 2443 incurrerunt,
743 2384 797 2428 tam
816 2385 892 2428 vasta
910 2392 966 2428 cor·

55 2460 119 2513 pora
137 2443 275 2496 securibus
292 2443 449 2513 facibusque
467 2443 589 2496 mutilata
613 2452 681 2498 sunt.
717 2444 787 2503 Quid
813 2453 904 2497 autern
927 2447 966 2498 in·

56 2520 145 2580 terest,
158 2512 268 2566 totidem
287 2513 348 2580 sint,
366 2520 429 2582 quot
449 2513 532 2566 Porus
551 2513 649 2582 habuit,
670 2530 704 2566 an
724 2515 772 2567 tria
791 2513 884 2570 mittat
902 2531 964 2568 oum

55 2597 108 2634 uno
127 2589 174 2634 aut
192 2583 273 2634 altero
285 2581 430 2634 vulneratis
448 2589 551 2634 ceteros
569 2583 596 2634 in
615 2581 706 2651 fugam
726 2583 863 2636 declinari⁷
874 2583 966 2636 videa·

85 2725 93 2748 ¹
104 2721 174 2768 ‘'l'he
190 2729 285 2769 nearest
301 2719 444 2781 advantage,
457 2721 580 2771 whatever
595 2723 613 2770 it
629 2737 684 2784 may
695 2723 749 2781 be3’
762 2723 803 2771 the
819 2721 924 2781 nearest,
937 2740 965 2772 as

56 2779 97 2827 the
109 2788 172 2828 most
183 2779 310 2828 desirable.
738 2803 741 2812 =

85 2838 123 2885 “It
135 2838 211 2898 might
222 2839 274 2886 also
285 2837 346 2886 have
358 2839 418 2885 been
426 2841 532 2900 possiam
545 2841 588 2888 but
599 2855 642 2888 see
653 2840 751 2901 Zumpt,
763 2841 777 2892 b
788 2844 841 2889 515.

84 2896 381 2945 ’‘Untrustworthiness:
577 2935 580 2938 -

84 2955 240 3022 “Although
251 2956 270 3024 it
281 2965 343 3004 rests
354 2971 384 3004 on
395 2972 410 3003 a
419 2955 473 3025 firm
485 2955 641 3006 foundation!

86 3013 207 3062 '‘Rrvers
223 3013 303 3062 which
319 3029 358 3062 are
374 3016 507 3064 restrernsd
518 3015 603 3064 within
618 3018 807 3077 narrowhunlrs,
820 3020 867 3069 arrd
882 3020 964 3072 forced

56 3073 108 3140 into
124 3087 138 3119 a
154 3071 256 3140 ohanqel
270 3087 391 3121 narrower
407 3073 466 3121 than
487 3074 546 3134 they
562 3076 680 3136 naturally
696 3079 800 3138 require,
818 3081 876 3129 beor
892 3080 963 3141 along

55 3129 147 3180 firrrous
160 3137 194 3186 (or
207 3132 377 3190 ‘impetuous’)
388 3134 492 3181 wetere)

83 3189 141 3237 ⁸As
151 3198 176 3236 to
187 3189 228 3236 the
239 3189 407 3250 interrogative
419 3191 542 3250 partiales,
556 3207 597 3241 see
611 3193 690 3242 Gran.
702 3195 716 3246 l
728 3199 780 3253 197,
794 3201 829 3254 10,
843 3207 899 3247 note
912 3201 932 3245 1.

84 3257 92 3280 ¹
101 3252 198 3302 Destino
208 3253 229 3300 is
239 3253 379 3302 sometimes
390 3256 451 3304 used
461 3257 619 3318 transitively,
632 3258 659 3306 ‘1
671 3268 726 3306 turn
736 3262 813 3320 awsy’
824 3260 963 3322 something

55 3320 175 3371 (compare
193 3312 224 3360 ix.
238 3315 273 3368 16,
283 3329 356 3384 prope
366 3315 433 3375 fita),
446 3315 493 3364 aud
511 3317 686 3398 consequentlp
696 3318 737 3366 the
754 3319 850 3386 passive
868 3333 912 3366 oon
930 3319 961 3367 be

53 3370 124 3428 used,
142 3387 169 3418 as
184 3370 250 3439 bero,
263 3373 374 3441 decimor,
395 3373 470 3422 ‘Iam
486 3376 572 3424 turned
583 3391 666 3436 away:
694 3378 737 3425 but
753 3387 771 3424 rt
788 3378 808 3425 is
824 3378 963 3437 commonly

53 3429 148 3478 treated
159 3445 185 3477 us
196 3445 226 3478 arr
237 3439 385 3479 intransitive
396 3434 463 3488 verb,
479 3433 505 3482 ⁶1
516 3443 572 3484 turn
587 3436 664 3496 awuy'
676 3435 772 3496 myself.
803 3435 928 3485 Declinore
937 3435 962 3484 ia

53 3503 98 3538 our
113 3498 165 3538 text
181 3487 262 3538 would
277 3489 396 3539 therefore
412 3491 474 3541 bare
489 3494 551 3542 been
566 3507 632 3544 more
648 3494 674 3542 in
688 3495 834 3544 sccordauos
849 3494 910 3544 with
923 3509 961 3544 or·
