2410 3890
535 259 628 298 arnan
647 257 675 298 v.
767 279 770 293 r
1003 237 1059 296 tat

149 362 285 420 hominem
305 365 430 420 mercede
450 365 610 420 conductum
629 367 719 421 omnia
741 366 841 422 habero
859 364 977 418 venolio:
1003 361 1061 416 sina

149 433 264 504 pignore,
285 437 343 489 sine
363 436 437 504 lare,¹
458 445 585 488 terrarum
606 435 677 489 orbis
699 437 815 506 exulem,
836 435 981 505 ancipitem
1000 432 1061 484 hos·

149 505 529 572 tom,2adnutumlicentiu1n
547 504 730 558 circumferri.³
764 507 888 574 Purganti
905 503 1005 558 deinde
1022 517 1060 570 se,

149 572 267 644 deosque
285 575 382 644 patrios
400 584 482 628 testes
500 574 563 627 fidei
582 591 646 626 auae
664 574 796 636 invocanti
808 577 909 628 Dareus
927 572 1002 626 vultu
1019 587 1061 623 as·

149 643 318 714 sentiebatur,
342 643 414 698 haud
434 643 532 698 dubios
551 645 616 712 quin
636 660 699 696 vera
718 643 883 697 deferrentur
898 659 917 695 a
936 641 1060 708 Graecis,

149 711 196 765 sed
217 730 249 766 eo
270 731 358 768 rerum
381 723 492 767 ventum
512 723 575 783 erat,
598 722 626 766 ut
647 722 701 766 tatu
721 712 898 782 periculosum
917 720 989 764 esset
1009 725 1061 763 non

149 781 257 834 credere
282 784 345 853 suis,
365 800 447 852 quarn
471 782 568 853 decipi.
603 782 676 836 XXX
693 782 769 836 milia
787 790 868 851 erant,
890 797 1002 850 quornm
1023 780 1061 833 in·

148 851 244 904 clinata
263 853 289 905 in
311 852 399 906 scelus
418 852 514 906 levitae
534 852 692 906 timebatur:
717 853 754 906 IV
771 851 847 904 milia
866 851 961 904 Patron
979 849 1061 903 habe-

149 919 210 989 bat;
233 922 330 990 quibus
353 923 375 975 si
395 921 552 976 credidisset
570 923 686 975 salutern
706 939 790 990 suern,
811 920 936 973 damnata
953 919 1061 990 popula·

149 989 219 1043 rium
242 990 303 1060 fide,
324 991 463 1060 parricidio
486 989 686 1046 excusationem
705 991 813 1054 videbat
832 989 930 1044 offerri.
965 988 1060 1056 ltaque

148 1060 321 1128 praeoptabat
333 1061 472 1132 immerito,
486 1078 567 1132 quarn
586 1061 646 1131 jure
657 1061 756 1114 violari.
782 1061 873 1114 ¹Besso
891 1069 981 1112 tamen
999 1057 1061 1110 insi·

149 1127 253 1187 diarum
277 1129 418 1183 consilium
440 1133 572 1201 purganti⁴
595 1131 737 1201 respondit,
762 1129 907 1184 Alexandri
930 1127 982 1180 sibi
1008 1143 1061 1182 nort

149 1197 238 1250 minus
249 1196 385 1269 justitiam,
418 1217 480 1254 uam
495 1201 627 1270 virtutem,
641 1219 700 1254 esse
712 1210 890 1271 perspectam,
926 1197 995 1252 Falli
1006 1213 1060 1266 eos,

149 1266 194 1338 qui
217 1268 368 1336 proditionis
390 1217 425 1322 al>
447 1287 480 1324 eo
504 1271 651 1341 praemium
675 1278 830 1340 expectent:
860 1268 974 1324 violatae
998 1265 1062 1322 fidei

149 1337 284 1390 neminem
297 1339 423 1392 acriorem
443 1339 496 1393 lore
509 1339 654 1397 vindicem⁶
671 1341 844 1410 ultoremque.
878 1339 992 1408 Jamque
1011 1353 1062 1391 nox

149 1409 299 1476 appetebat,
313 1425 375 1462 curn
394 1409 580 1464 Persaemore
598 1410 682 1477 solito,
701 1411 783 1464 armis
800 1410 898 1480 positis,
916 1409 950 1463 ad
969 1425 1061 1462 neces·

150 1475 219 1528 saria
237 1494 271 1530 err
288 1479 406 1548 proximo
423 1479 481 1532 vico
499 1479 609 1534 ferenda
627 1480 784 1534 discurrunt.
819 1482 855 1533 At
873 1478 1013 1548 Bactriani,
1032 1485 1061 1530 ut

149 1547 307 1616 imperatum
320 1565 336 1600 a
348 1548 429 1602 Besso
441 1557 505 1618 erat,
519 1551 613 1603 armati
627 1550 740 1602 stabant.

184 1619 225 1668 ³³.
244 1617 314 1670 Inter
332 1617 400 1672 haec
418 1621 519 1673 Dareus
537 1620 700 1678 Artabazum
718 1618 799 1688 acciri
812 1617 904 1688 jubet:
923 1616 1062 1687 expositis·

149 1701 209 1756 que,
229 1704 298 1756 qnae
318 1687 412 1742 Patron
437 1688 575 1756 detulerat,
594 1688 666 1742 haud
684 1687 805 1742 dubitare
822 1688 978 1755 Artabazus,
997 1687 1061 1755 quin

81 1805 84 1810 ⁴
148 1756 339 1810 transeundum
352 1767 423 1810 esset
436 1759 461 1812 in
474 1768 560 1812 castra
571 1759 740 1812 Graecorum.
767 1758 862 1810 Persas
871 1774 984 1826 quoque,
995 1757 1062 1826 peri-

148 1823 209 1878 oulo
221 1825 335 1896 vulgato,
350 1837 492 1880 secuturos.
530 1828 683 1880 Destinatus
695 1827 756 1880 sorti
769 1844 840 1895 suae,
854 1837 881 1880 et
897 1827 952 1896 jam
966 1827 1063 1878 nullius

148 1890 264 1946 salubris
282 1894 383 1948 consilii
402 1896 525 1963 patiens,⁵
542 1897 648 1949 unicam
667 1897 695 1948 in
713 1895 758 1947 illa
776 1895 877 1948 fortuna
895 1912 974 1964 opem
987 1898 1062 1947 Arta·

148 1961 256 2031 bazutn,
282 1962 417 2016 ultimum⁷
441 1964 518 2016 illum
541 1965 651 2043 visurus,
676 1964 861 2032 amplectitur,
887 1964 1063 2034 perfususque

149 2033 251 2084 mutuis
263 2033 387 2102 lacrimis,
401 2032 584 2086 inhaerentem
597 2034 648 2087 sibi
660 2033 740 2088 avelli
750 2032 839 2102 jubet:
859 2033 945 2103 capite
964 2031 1062 2086 deinde

148 2100 246 2169 velato,
268 2119 301 2154 ne
322 2102 389 2155 inter
408 2103 524 2170 gemitus
543 2102 737 2172 digredientem
758 2103 831 2156 velut
850 2119 866 2155 a
886 2104 956 2172 rogo⁸
978 2103 1062 2156 intua·

146 2179 230 2238 retur,
244 2171 270 2222 in
282 2170 394 2226 humum
407 2188 518 2241 pronum
529 2177 625 2242 corpus
636 2171 744 2241 abjecit.
780 2173 850 2226 Turn
863 2189 925 2226 vero
943 2171 1063 2232 custodie

146 2239 208 2312 ejus
221 2241 340 2309 assueti,⁹
351 2259 417 2311 quos
428 2243 498 2311 regis
516 2242 629 2304 salntem
642 2242 686 2294 vel
698 2243 813 2312 periculo
826 2244 896 2296 vitae
909 2243 976 2296 tueri
988 2257 1061 2312 opor·

147 2309 254 2379 tebat,¹⁰
265 2309 361 2380 dilapsi
380 2321 447 2382 sunt,
466 2313 582 2383 armatis,
595 2311 732 2382 quonjam
749 2311 893 2368 adventare
911 2311 1061 2382 credebant,

148 2425 243 2476 finitive
255 2427 275 2474 is
287 2438 352 2475 more
364 2443 475 2479 common
486 2429 510 2476 in
520 2427 578 2534 lonp
588 2428 714 2488 speeohes,
727 2427 785 2476 than
795 2427 821 2476 in
830 2427 890 2476 such
902 2427 968 2475 short
984 2426 1061 2487 speci-

148 2500 220 2536 mens
231 2486 259 2533 ol
271 2486 311 2534 tha
322 2489 396 2536 oratio
407 2486 500 2548 obliquo
511 2497 557 2535 ast
577 2495 590 2534 e
602 2497 706 2546 present.

179 2551 187 2574 ¹
201 2545 317 2603 ‘Home'
332 2551 489 2606 ‘permanent
504 2546 628 2594 residence
636 2547 653 2604 ;’
671 2549 716 2603 lor,
729 2545 771 2594 tha
784 2545 944 2607 ‘houba-god
956 2545 1016 2594 used
1026 2543 1063 2593 lor

147 2607 792 2774 ‘Pharnatartaron-1
806 2703 825 2771 r·
933 2719 975 2770 n
990 2731 1015 2770 r
1030 2733 1062 2770 r

243 2739 438 2772 ournaoua
492 2739 547 2772 eno
642 2739 655 2772 e
689 2739 695 2770 r
726 2775 727 2782 χ
755 2739 783 2780 s;
816 2739 880 2779 wera,

149 2783 256 2832 auction.
987 2831 989 2834 ,

146 2839 1063 2974 ,blanttint?ttltt‘ttlntltttnlldhttdt{itt

149 2970 433 3100 mlolcferirlliardlteoarllle5
453 3024 620 3081 ‘asopporter
630 3018 658 3068 os
668 3035 684 3068 a
697 3017 760 3081 good
771 3034 853 3076 causa,
866 3017 912 3068 und
923 3034 937 3066 a
947 3017 1061 3079 puniebat

148 3079 398 3199 or'vllrlrinpytirticiples
408 3138 540 3202 governing
551 3138 592 3186 tha
603 3137 717 3199 genitive,
728 3152 769 3186 see
783 3137 862 3188 Gram.
874 3136 902 3190 lb
913 3140 966 3194 277,
980 3139 1001 3194 1,
1014 3136 1061 3188 aad

147 3203 352 3312 4⁰'aihnrllliilverb,
367 3253 417 3304 ‘lor
427 3253 468 3304 the
479 3256 525 3306 last
535 3257 610 3305 time.'
643 3256 690 3304 See
703 3255 782 3305 Gram.
794 3256 807 3308 b
820 3259 871 3314 109,
884 3266 940 3304 note
952 3259 973 3304 1.
1010 3261 1013 3270 '

178 3327 186 3352 ¹
201 3319 245 3368 ‘In
257 3315 328 3366 order
339 3325 380 3364 not
391 3324 417 3362 to
427 3315 484 3364 look
495 3333 510 3364 u
528 3331 558 3364 on
569 3315 628 3372 him,
641 3315 697 3384 vrho
707 3329 757 3364 was
768 3313 824 3376 goin
852 3331 921 3376 away
932 3330 958 3364 as
968 3313 990 3362 tf
999 3313 1061 3364 lrom

148 3377 268 3437 afuneral
279 3374 346 3437 pile!
380 3373 428 3422 We
439 3332 526 3424 should
536 3390 587 3434 say.
603 3379 644 3422 ‘as
654 3374 676 3422 rs
686 3374 747 3423 from
758 3391 773 3424 a
783 3331 867 3443 tomh'

177 3450 187 3474 ·
200 3441 261 3491 ‘His
272 3434 344 3486 usual
355 3433 536 3494 body-guarda)
569 3433 617 3482 For
628 3433 668 3482 the
680 3443 842 3486 construction
851 3432 879 3482 ol
890 3448 1006 3490 attamen,
1018 3447 1060 3482 sea

150 3495 638 3618 lelril’i’ussiihi'uveretentent
652 3551 700 3602 aa.
732 3551 779 3600 aa
792 3549 960 3602 annosas
