2314 3886
508 267 602 306 ursan
623 267 661 306 vr.
988 253 1042 308 173

121 359 323 444 adoptabimur.
359 374 424 433 Quis
448 391 576 444 proavum
601 374 679 444 hujus
702 373 892 445 Alexandrum,
914 375 973 444 quis
997 374 1043 428 de·

129 443 190 498 inde
215 445 386 512 Archelaum,
412 445 472 514 quis
496 445 651 496 Perdiccam
681 445 784 496 occisos
804 445 884 497 ‘ultus
912 445 971 498 est?
999 445 1043 498 hic

125 514 236 584 'quidem
269 513 482 566 interfectoribus
511 515 592 582 patris
619 515 736 582 igrrcuit.¹
772 513 844 566 Haec
872 515 1043 582 Hegelochus

129 583 196 636 dixit
221 601 300 654 super
324 583 462 635 coenam:²
492 594 517 635 et
542 593 644 652 postero
668 583 712 634 die
736 583 820 652 prima
844 583 903 636 luce
927 601 944 635 a
967 595 1042 654 patre

129 669 257 706 accersor.
294 653 387 706 Tristis
400 661 463 720 erat,
474 663 499 704 et
513 670 556 704 me
568 662 702 704 maestum
712 652 826 704 videbat.
864 653 1043 706 Audieramus

129 723 209 792 enim,
231 740 301 792 quae
325 722 531 774 sollicitudinem
555 722 711 774 incuterent.
749 723 840 790 ltaque
862 731 890 774 ut
911 724 1043 792 experire·

129 809 188 844 mur
207 793 341 845 utrumne³
360 793 420 844 vino
439 801 564 858 gravatus
584 791 722 843 effudisset
746 791 797 860 illa,
815 807 847 843 an
870 792 962 844 altiore
982 809 1043 845 con·

129 873 207 931 cepta
225 861 343 930 consilio,
363 861 464 912 accersi
483 877 544 912 eum
564 861 672 929 placuit.
708 861 802 912 Venit:
823 861 971 929 eodemque
990 879 1042 914 ser·

129 949 207 984 mone
227 932 294 984 ultro
313 929 423 999 repetito
441 929 548 999 adjecit,
562 948 599 998 se,
619 931 676 982 sive
694 931 855 982 auderemus
873 930 957 982 duces
974 949 1041 1000 esse,

129 1002 264 1070 proximas
281 1017 296 1051 a
316 1000 390 1052 nobis
408 1011 497 1068 partes
509 1000 714 1068 vindicaturum,
728 1000 785 1052 sive
803 1000 909 1052 deesset
928 1001 1041 1070 animus,

129 1071 270 1123 consilium
295 1069 400 1122 silentio
421 1087 479 1121 esse
505 1078 645 1124 tectorum.
684 1069 850 1122 Parmenioni
873 1068 932 1122 vivo
953 1069 1043 1122 adhuc

129 1140 214 1192 Dareo
227 1139 416 1208 intempestiva
435 1156 477 1190 res
489 1139 643 1191 videbatur:
664 1156 714 1190 non
734 1139 806 1190 enim
825 1139 884 1209 sibi,
899 1139 944 1191 sed
964 1136 1042 1208 hosti,

128 1225 188 1262 esse
207 1210 341 1261 occisuros
358 1208 556 1261 Alexandrum:
577 1209 661 1260 Dareo
681 1225 742 1260 vero
762 1208 872 1278 sublato,
892 1214 1042 1278 praemium

128 1278 199 1347 regis
219 1278 304 1332 occisi
324 1278 418 1330 Asiam
441 1283 467 1329 'et
488 1287 572 1330 toturn
593 1279 727 1331 Orientem
749 1277 962 1330 interlectoribus
982 1295 1042 1331 esse

128 1351 255 1402 cessur·a.⁴
289 1348 494 1418 Approbatoque
507 1347 623 1416 consiliu,
638 1346 664 1399 in
679 1346 745 1398 haec
758 1347 825 1400 fides
842 1357 868 1398 et
887 1347 948 1399 data
961 1357 1001 1400 est
1015 1357 1042 1400 et

128 1429 246 1487 accepta.
283 1416 360 1476 Quod
372 1417 406 1469 arl
420 1418 545 1469 Dimnum
559 1419 678 1486 pertinet,
693 1416 757 1469 nihil
776 1417 836 1483 scio,
851 1426 877 1467 et
895 1417 962 1470 haec
981 1434 1042 1470 con-

129 1488 215 1540 sessus
239 1487 356 1555 intelligo
381 1504 430 1538 non
455 1487 579 1555 prodesse
604 1487 677 1554 mihi,
703 1487 772 1554 quod
797 1487 908 1556 proximi
934 1486 1042 1538 sceleris

66 1617 67 1620 Ἴ
127 1573 224 1626 expers
241 1574 310 1610 surn.
347 1557 388 1610 Illi
407 1574 496 1608 rursus
514 1557 653 1608 tormentis
670 1555 793 1622 admotis,
813 1573 874 1608 cum
894 1555 960 1624 ipsis
978 1555 1041 1627 quo·¹

126 1643 178 1696 que
192 1627 274 1680 hastis
287 1643 316 1680 os
328 1625 472 1694 oculosque
491 1625 550 1694 ejus
568 1625 761 1692 everberarent,
775 1641 937 1694 expressere,
952 1634 979 1677 ut
992 1625 1042 1678 lroc

126 1711 231 1766 quoque
244 1697 345 1748 crimen
359 1695 536 1751 confiteretur.
574 1693 750 1762 Exigentibus
761 1693 866 1762 deinde,
881 1704 909 1747 ut
922 1695 1042 1746 ordinem

127 1766 233 1834 cogitati
253 1766 364 1817 sceleris
380 1772 530 1832 exponeret,
544 1779 607 1815 curn
625 1764 670 1814 diu
688 1763 781 1814 Bactra
800 1773 932 1815 retentura
951 1781 1043 1830 regem

127 1837 286 1902 viderentur,
308 1833 429 1886 timuisse
451 1833 591 1901 respondit,
612 1849 646 1883 ne
667 1843 741 1900 pater
761 1833 829 1884 LXX
850 1841 927 1884 natus
950 1849 1041 1902 anuos,

128 1905 194 1956 tanti
215 1903 347 1955 exercitus
371 1901 432 1970 dux,
455 1911 543 1954 tantae
564 1901 694 1970 pecuniae
714 1912 810 1970 custos,
832 1901 937 1952 interim
958 1903 1042 1954 extin-

127 1981 259 2041 gueretur,
284 1971 397 2040 ipsique,
423 1970 534 2038 spoliato
562 1969 641 2022 tantis
669 1969 778 2038 viribus,
803 1969 944 2022 occidendi
972 1969 1042 2038 regis

127 2043 219 2094 causa⁵
243 2058 293 2092 non
316 2048 396 2092 esset.
433 2039 583 2092 Festinasse
608 2055 669 2106 ergo
693 2055 729 2108 se,
755 2039 820 2092 dum
842 2041 991 2109 praemium
1016 2041 1042 2093 in

127 2109 251 2162 manibus
277 2109 395 2178 haberet,
419 2109 628 2178 repraesentare⁶
655 2108 804 2178 consilium,
834 2108 911 2178 cujus
939 2118 1041 2178 patrem

128 2189 265 2248 expertem
288 2178 371 2230 luisse
394 2177 443 2230 nisi
466 2180 612 2247 crederent,
638 2187 775 2249 tormenta,
800 2195 963 2248 quamquam
986 2177 1040 2248 jam

129 2248 240 2300 tolerare
259 2264 309 2300 non
327 2256 423 2316 posset,
438 2256 590 2300 tamennon
611 2265 742 2302 recusare.
778 2249 820 2301 1111
837 2248 960 2302 collocuti
978 2249 1042 2300 satis

128 2318 279 2388 quaesitum
294 2317 386 2386 videri,
399 2333 431 2368 ae
445 2333 534 2384 regem
549 2328 722 2372 revertuntur.

163 2393 205 2440 41.
224 2387 275 2444 Qui
288 2395 390 2456 postero
403 2385 446 2438 die
460 2396 486 2438 et
499 2404 568 2456 quae
580 2387 717 2440 confessus
730 2399 785 2439 erat
798 2387 916 2440 Philotas
929 2385 1040 2456 recitari,

129 2465 156 2510 et
179 2457 275 2526 ipsum,
296 2457 359 2524 quia
383 2456 484 2524 ingredi
508 2473 558 2508 non
583 2467 691 2526 poterat,
712 2457 791 2526 jussit
813 2457 910 2509 afferri.
946 2456 1042 2510 Omnia

128 2535 288 2595 agnoscente
302 2541 341 2595 eo,
356 2526 515 2592 Demetrius,
529 2526 573 2594 qui
587 2526 698 2595 proximi
717 2527 825 2579 sceleris
837 2527 969 2596 particeps
982 2541 1041 2578 esse

128 2595 296 2664 arguebatur,
316 2593 475 2663 producitur.
512 2595 599 2646 Multa
622 2595 798 2649 affirmatione
819 2595 954 2664 animique
974 2594 1042 2663 pari·

129 2673 169 2718 ter
189 2665 335 2717 constantia
355 2673 382 2715 et
402 2663 492 2716 vultus
511 2663 639 2733 abnuens,
662 2665 805 2734 quicquam
830 2663 880 2716 sibi
905 2665 930 2715 in
950 2680 1041 2731 regern

130 2735 274 2804 cogitatum
294 2749 362 2801 esse,
376 2743 507 2786 tormenta
525 2734 606 2786 etiarn
624 2733 787 2804 deposcebat
805 2735 831 2785 in
850 2733 1039 2802 semetipsum:

131 2820 193 2856 curn
208 2803 331 2872 Philotas,
345 2802 509 2856 circumlatis
522 2803 613 2870 oculiS,
629 2818 656 2856 ur
675 2803 792 2855 incidere
809 2803 838 2855 in
855 2803 930 2856 Calin
949 2819 1041 2873 quem·

130 2873 193 2926 dam
206 2872 276 2925 haud
290 2872 380 2942 procul
391 2882 515 2942 stantem,
526 2874 632 2942 propius
645 2889 706 2924 eurn
719 2872 797 2942 jussit
810 2872 958 2925 accedere.⁷
992 2872 1041 2925 Illo

159 2992 240 3038 1'I'his
255 3008 299 3040 can
314 2993 376 3040 refer
391 2993 449 3053 only
464 3005 490 3042 to
506 2994 558 3041 that
574 2993 654 3042 which
663 2994 690 3040 nis
706 2993 798 3042 related
814 2995 863 3050 (vii.
877 2998 897 3050 1)
913 2995 1041 3056 regarding

130 3050 478 3178 Ai⁶⁶¹1⁸>liiig¹²dliissl⁹⁸'s00
491 3111 678 3170 rumperem.

159 3167 269 3236 ³See1rr.
283 3171 327 3224 17;
345 3183 375 3216 tv.
388 3173 431 3226 35;
451 3169 531 3218 Gram.
544 3171 557 3223 u
571 3175 622 3227 197,
639 3175 674 3227 10,
687 3181 744 3218 note
753 3174 783 3240 '13
801 3170 848 3220 and
859 3175 911 3229 353,
924 3182 980 3220 note
990 3175 1013 3220 4.

159 3227 201 3276 ‘lt
217 3227 294 3332 mrglpt
311 3226 362 3332 etlso
371 3228 454 3335 ἐιὲθνθθ
455 3230 516 3336 Βὲνῐη
523 3229 793 3340 ᾖιε2ε31ξινιὸιτιιῐ,ωξὲῑεὲῐτιῐιμ
808 3239 833 3278 to
854 3229 980 3287 Orientem,
998 3229 1040 3278 the

129 3297 324 3406 neiiie'tsririsiirlieirct
333 3323 366 3392 'to
384 3349 453 3416 ratio,
473 3323 674 3409 ‘a'possth'iti'ty‚’
695 3325 724 3398 ‘a
738 3347 837 3398 definite
854 3364 880 3396 or
895 3347 1040 3408 practicablo

157 3527 165 3550 ¹
176 3523 231 3572 The
242 3479 407 3574 coniirucuon
415 3523 444 3582 is,
455 3501 589 3574 Demetrius
597 3528 728 3590 deposcebat
736 3533 859 3583 tomento,
870 3541 922 3574 cum
931 3523 1040 3575 Philoton
