2410 3890
540 272 632 312 arsen
651 272 692 313 vr.
1015 257 1069 314 tta

160 381 236 436 milia
254 381 311 436 iere
329 381 445 436 militum
456 388 600 448 venerant,
617 387 754 449 praeterea
773 381 848 436 turba
867 381 982 436 lixarum
999 382 1069 436 calo-

161 468 279 520 numque
302 451 486 521 impleverant¹
510 451 619 518 regiam.
663 448 793 503 Philotam
817 452 939 518 armigeri
962 453 1069 520 agmine

162 537 210 573 suo
234 521 366 590 tegebant,
385 537 419 574 ne
442 528 504 572 ante
528 519 643 588 conspici
668 528 757 588 posset
775 537 792 572 a
810 520 897 589 vulgo,
919 538 997 589 quarn
1024 539 1069 574 rex

161 590 290 644 allocutus
308 590 407 643 milites
423 598 503 642 esset.
540 591 579 642 De
598 589 757 656 capitalibus
772 589 849 642 rebus
862 601 964 643 vetusto
977 593 1069 645 Mace-

162 658 262 712 donum
285 659 363 713 modo
383 659 532 728 inquirebat
551 657 691 726 exercitus,
712 658 738 710 in
762 675 828 726 pace
849 671 905 712 erat
925 661 1014 730 vulgi,
1041 669 1068 713 et

161 728 227 780 nihil
239 737 356 798 potestas
377 746 469 796 regom
481 728 595 796 valebat,
608 728 658 780 nisi
680 727 753 796 prius
764 727 890 781 valuisset
908 731 1070 783 auctoritas.²

161 797 246 865 igitur
264 799 354 852 Dimni
373 799 489 868 primum
509 797 623 850 cadaver
641 796 758 865 insertur,
779 797 919 868 plerisque,
940 799 1005 868 quid
1023 817 1067 869 pa·

163 875 254 935 lasset,
274 884 360 936 quove
380 885 444 920 casu
465 868 597 920 extinctus
617 874 695 934 esset,
708 865 816 934 ignaris.
852 867 907 919 Rex
927 867 1023 920 deinde
1042 870 1068 922 in

162 936 313 989 contionem
330 936 454 1006 procedit,
468 937 540 990 vultu
559 935 711 1006 praeferens
730 934 848 988 dolorem
867 937 958 990 animi.
994 939 1068 991 Ami·

162 1021 254 1058 corum
278 1022 383 1074 quoque
412 1007 544 1058 maestitia
567 1005 779 1074 expectationem
803 1004 874 1058 haud
898 1023 1005 1075 parvam
1032 1009 1068 1060 rei

163 1073 273 1126 lecerat.
308 1075 359 1128 Diu
379 1093 424 1128 rex
443 1077 559 1128 demisso
580 1075 605 1127 in
626 1086 722 1128 terram
742 1074 816 1128 vultu
835 1078 944 1127 attonito
963 1087 1069 1146 stupen-

164 1144 235 1212 tique
254 1144 348 1196 similis
366 1147 447 1198 stetit.
483 1145 603 1208 Tandem
622 1152 727 1213 recepto
744 1145 841 1212 animo,
861 1145 957 1214 Paene,
976 1146 1067 1215 inquit,

163 1212 269 1282 milites,
283 1213 425 1268 hominum
444 1215 545 1268 scelere
564 1213 639 1266 robis
656 1223 763 1282 ereptus
781 1230 855 1266 sum:
875 1214 968 1267 deum³
985 1217 1068 1283 provi-

163 1280 253 1333 dentia
275 1292 303 1335 et
326 1284 503 1338 misericordia
523 1285 590 1338 vivo.
626 1285 840 1352 Conspectusque
862 1285 941 1336 vestri
962 1301 1069 1336 venera-

163 1349 235 1402 bilis⁴
257 1354 351 1422 coegit,
372 1362 400 1407 ut
420 1353 608 1406 vehementius
630 1353 768 1422 parricidis
791 1353 923 1422 irascerer,
944 1354 1068 1422 quoniam

162 1421 327 1490 praecipuus,
341 1423 423 1480 immo
441 1439 509 1476 unus
521 1423 591 1475 vitae
606 1439 685 1476 meae
698 1421 799 1474 fructus
811 1431 859 1490 est,
874 1431 909 1474 tot
922 1422 1070 1476 fortissimis

163 1489 225 1542 viris
237 1500 262 1543 et
276 1492 309 1543 de
321 1511 366 1546 me
386 1493 485 1562 optime
505 1493 606 1546 meritis
626 1491 722 1544 referre
742 1490 830 1544 adhuc
849 1495 961 1560 gratiam
982 1510 1067 1562 posse.

162 1559 301 1630 interrupit
319 1563 462 1614 orationem
484 1563 600 1614 rnilitum
617 1561 741 1630 gemitus,
755 1560 915 1629 obortaeque
929 1573 994 1622 sunt
1013 1580 1069 1616 om·

162 1629 241 1681 nibus
270 1630 404 1686 lacrimae.
449 1633 518 1685 Turn
549 1647 601 1699 rex,
627 1631 738 1698 Quanto,
763 1630 855 1699 inquit,
881 1631 1019 1700 majorem·
1040 1633 1066 1684 in

161 1699 256 1751 animis
275 1701 371 1753 vestris
391 1709 492 1754 ntotom
512 1701 641 1768 excitabo,
655 1716 717 1752 curn
736 1702 802 1751 tanti
822 1699 931 1752 sceleris
948 1711 1070 1754 auctores

161 1768 317 1822 ostendero!
338 1787 451 1838 quorum
463 1771 627 1824 mentionem
639 1768 728 1821 adhuc
741 1767 888 1837 reformido,
900 1779 928 1820 et
941 1778 1068 1838 tanquam

162 1837 229 1888 salvi
248 1853 307 1889 esee
332 1839 439 1907 possint,
461 1839 612 1891 nominibus
634 1838 761 1891 abstineo.
807 1837 858 1890 Sed
880 1839 1009 1890 vincenda
1028 1848 1070 1892 est

162 1907 292 1958 memoria
311 1909 437 1976 pristinae
458 1908 581 1974 caritatis,
595 1917 621 1960 et
640 1907 783 1976 conjuratio
804 1906 943 1975 impiorum
969 1908 1068 1962 civium

161 1973 321 2040 detegenda.
357 1976 493 2034 Quomodo
516 1986 608 2030 autern
631 1975 834 2031 tantumnelas
857 1975 972 2028 sileam?
1009 1978 1069 2030 Par-

161 2043 259 2111 menio,
273 2043 318 2096 illa
329 2054 425 2112 aetate,
440 2053 477 2098 tot
489 2046 564 2114 meis,
579 2053 615 2098 tot
628 2045 744 2114 parentis
756 2045 810 2100 rusi
823 2045 925 2099 maritis
938 2045 1068 2116 devictus,

162 2112 282 2164 omniurn
305 2113 382 2166 nobis
404 2114 551 2166 amicorum
575 2114 777 2180 vetustissimus,-
801 2115 897 2166 ducein
923 2131 952 2166 se
977 2116 1068 2168 sceleri

162 2189 233 2232 tanto
245 2182 373 2249 praebuit.
409 2184 530 2236 Minister
547 2184 606 2253 ejus
624 2184 740 2238 Philotas
759 2184 918 2237 Peucolaum
931 2193 957 2237 et
976 2186 1070 2238 Deme-

161 2249 241 2302 triorn
264 2260 291 2302 et
316 2251 385 2308 hunc
409 2253 543 2323 Dimnum,
564 2252 640 2323 cujus
658 2269 752 2324 corpus
770 2252 895 2324 aspicitis,
915 2263 1070 2325 ceterosque

161 2318 284 2388 ejusdem
296 2323 436 2391 amentiae,
451 2322 476 2374 iu
490 2333 569 2392 caput
582 2341 672 2376 meum
685 2323 845 2377 subornavit.
931 2371 933 2376 ,

196 2393 237 2440 33.
257 2389 390 2444 Fremitus
414 2390 530 2460 undique
554 2393 745 2460 indignantium
769 2393 991 2462 querentiumque
1016 2403 1070 2446 tota

160 2459 282 2512 contione
310 2460 487 2540 obstrepebat,
517 2461 602 2530 qualis
636 2463 703 2515 solet
741 2479 800 2514 esse
830 2462 1012 2530 multitudiuis,
1043 2473 1070 2516 et

161 2531 278 2580 maxime
302 2530 501 2599 militans,ubi
524 2540 570 2584 aot
597 2531 684 2584 studio
706 2532 798 2599 agitur,
823 2543 869 2582 aut
899 2532 945 2582 ira.
992 2533 1071 2585 Nico·

160 2597 273 2650 machus
284 2598 382 2651 deinde
401 2610 427 2651 et
444 2599 549 2652 Metron
569 2605 595 2651 et
613 2601 755 2653 Cebalinus
773 2600 899 2668 producti,
912 2617 980 2668 quae
1000 2603 1071 2670 quis·

160 2682 213 2734 que
236 2667 367 2720 detulerat
391 2677 533 2737 exponunt.
580 2669 687 2722 Nullius
712 2687 804 2722 eorum
834 2669 930 2722 indicio
954 2670 1071 2724 Philotas

160 2737 260 2802 pertice
280 2737 412 2790 ssceleris
424 2737 625 2790 destinabatur.⁵
659 2739 759 2807 ltaque,
772 2736 951 2806 indignatione
970 2757 1069 2808 pressa,

162 2819 213 2856 vox
230 2755 346 2859 indicum
366 2807 470 2860 silentio
488 2817 599 2876 excepta
617 2817 665 2859 cst.
702 2809 772 2860 Turn
790 2823 843 2875 rer,
863 2807 963 2877 Qualis,
978 2808 1069 2879 iuquit,

162 2887 224 2939 ergo
246 2875 328 2927 animi
352 2875 427 2928 vobis
449 2875 560 2944 videtur,
581 2877 625 2945 qui
650 2875 727 2945 hujus
747 2876 785 2928 rei
804 2875 922 2930 delatum
942 2878 1069 2934 indicium

192 2982 199 3004 ¹
209 2975 290 3026 Plural
299 2981 356 3026 verb
366 2979 425 3026 with
433 2979 539 3039 singular
546 2979 573 3026 of
578 2979 705 3027 collective
714 2995 785 3028 noun.
813 2980 860 3028 See
872 2959 1070 3043 6441132441.

164 3033 283 3092 Compare
295 3037 411 3086 asimilar
420 3039 537 3092 instance,
551 3039 582 3086 iv.
594 3042 630 3086 45.

191 3098 216 3123 ²⁴
225 3093 314 3142 Uoless
317 3096 458 3201 previously
466 3097 528 3144 their
534 3097 664 3156 expressed
671 3098 767 3158 opinion
773 3098 821 3146 had
828 3101 948 3158 prevuiled
956 3103 1002 3150 and
1008 3105 1070 3152 been

163 3153 283 3260 approved
301 3171 315 3202 o

162 3227 176 3260 ο
191 3227 314 3320 ’ῗὲτῖἓὲ
326 3271 395 3326 form.
408 3288 449 3320 see
463 3273 543 3322 Gram.
555 3274 568 3325 l
580 3279 617 3329 58,
631 3285 686 3322 note
698 3281 719 3323 5.

191 3328 280 3377 ⁴‘'I'he
297 3330 424 3378 venerable
443 3331 507 3392 sight
526 3332 554 3380 ol
571 3335 644 3393 your’
662 3337 743 3392 uestri,
762 3335 802 3384 the
820 3335 938 3396 objective
955 3339 1070 3398 genitive.

167 3387 355 3498 lfeppgqbgqqsieirss
363 3390 446 3450 joined
461 3401 486 3438 to
496 3403 639 3454 conmeatus.
652 3392 743 3454 though
755 3394 773 3442 it
784 3395 805 3443 ie
816 3395 927 3456 properly
938 3411 967 3444 au
978 3397 1070 3457 epithet

152 3463 177 3526 ·⁰
191 3515 200 3538 ⁹
211 3509 287 3556 ‘Wus
299 3483 418 3558 indicated
429 3524 456 3556 or
467 3509 564 3568 pointed
574 3521 616 3558 out
627 3511 671 3560 as’
715 3559 719 3576 ,
797 3499 800 3502 ¹

327 3156 341 3202 .’
374 3155 436 3203 This
454 3156 474 3203 is
491 3156 514 3203 in
531 3157 572 3204 the
583 3157 686 3216 genuine
699 3157 794 3206 Roman
804 3175 875 3207 sense
888 3160 928 3208 the
939 3165 1070 3211 auctoritas
