2410 3890
506 275 599 318 arara
618 277 659 320 vr.
977 255 1032 316 1³0

160 380 235 432 Galia
267 381 337 434 mu·
347 383 654 436 thewholeexamination
670 386 741 438 takes
758 403 774 436 a
789 393 845 436 turn
861 386 1035 438 fasoarableto

160 447 201 497 the
213 446 295 513 king’s
305 449 405 500 honour.
485 508 488 514 ,

392 584 586 642 surrmuuuwat
603 585 771 622 resincerata.

161 669 237 736 [Dum
247 689 276 720 ea
288 688 330 734 per
341 671 427 722 Asiam
439 677 560 735 gerentur,
571 687 603 718 ne
614 670 640 718 in
651 671 756 720 Graecia
772 672 869 734 quidem
881 671 1034 722 Macedonia·

128 753 174 802 que
185 738 329 800 tranquillae
341 753 383 784 res
392 737 466 784 tuere.
493 735 623 801 Regnabat
634 737 697 799 apud
705 736 910 786 Lacedaemonios
918 739 980 802 Agis
990 741 1035 787 Ar·

130 803 237 852 chidami
250 803 319 861 filius,
331 801 371 865 qui
380 801 520 850 Tarentinis
532 818 601 864 opem
613 801 693 850 ferens
705 803 834 860 ceciderat,
843 804 927 850 eodem
939 804 978 851 die
990 821 1036 866 quo

130 868 256 933 Philippus
263 868 424 918 Athenienses
434 867 464 914 ad
473 867 640 916 Chaeroneam
649 867 714 917 vicit
740 867 765 916 Is
772 867 906 916 Alexandri
914 883 956 929 per
964 869 1035 918 virtu-

129 940 179 983 tem
192 936 309 992 aemulus,
319 932 383 981 cives
395 947 451 980 suos
463 932 611 992 stimulabat,
620 949 651 982 ne
660 933 789 981 Graeciam
799 933 913 981 servitute
923 933 1036 982 Macedo-

129 1001 282 1050 numdiutius
288 999 364 1063 premi
370 1005 516 1062 poterentur;
522 999 569 1046 nisi
576 999 711 1060 intempore
717 998 944 1060 providerentidcm
947 1001 1036 1064 jugum

129 1067 160 1114 ad
173 1068 237 1129 ipsos
249 1065 407 1114 transiturum
418 1079 478 1112 esse.
507 1064 675 1114 Annitendum
687 1063 770 1127 igitur,
782 1066 839 1112 dum
852 1064 946 1126 aliquae
957 1065 1037 1114 adhuc

129 1132 210 1181 Persis
217 1133 246 1180 ad
253 1131 413 1180 resistendum
419 1129 481 1177 vires
486 1136 581 1178 essent:
592 1130 640 1178 illis
647 1130 775 1191 oppressis,
783 1131 894 1178 adversus
902 1130 1036 1179 immunem

129 1197 263 1264 potentiam
275 1196 365 1244 frustra
377 1195 455 1242 avitae
468 1195 586 1244 libertatis
597 1210 718 1243 memores
726 1194 825 1244 futuros.
860 1195 900 1243 sic
912 1195 1036 1246 instinctis

130 1264 226 1320 animis,
237 1261 390 1310 occasionem
403 1260 458 1308 belli
470 1277 501 1309 ex
512 1262 639 1310 commodo
656 1261 783 1322 coeptandi
801 1261 1037 1323 circumspiciebant

130 1329 210 1396 Igitur
222 1327 337 1376 felicitate
349 1325 488 1374 Memnonis
497 1326 601 1385 invitali,
613 1326 715 1377 consilia
732 1342 788 1374 cum
806 1325 857 1388 ipso
874 1327 977 1376 miscere
995 1345 1037 1394 ag-

128 1393 207 1460 gressi
223 1400 294 1450 sunt;
310 1399 335 1441 et
352 1397 476 1454 postquam
493 1391 534 1440 ille
551 1409 631 1440 rerum
649 1393 767 1440 laetarum
785 1391 854 1440 initia
868 1393 1037 1456 intempestiva

129 1467 207 1508 morte
219 1459 335 1517 destituit,
346 1456 423 1506 nihilo
434 1457 560 1506 remissius
572 1459 685 1522 agebant.
714 1457 762 1506 Sed
774 1458 804 1505 ad
816 1458 1001 1507 Pharnabazum
1012 1466 1038 1509 et

128 1525 325 1588 Autophradaten
342 1522 464 1586 proiectus
476 1522 547 1587 Agis,
560 1523 663 1586 triginta
680 1524 777 1587 argenti
795 1524 894 1582 talenta,
906 1525 1036 1590 decemque

128 1591 241 1640 triremes
250 1589 394 1653 impetravit,
405 1603 464 1650 quas
475 1588 592 1652 Agesilao
601 1588 670 1636 fratri
679 1589 754 1646 misit,
764 1595 791 1636 ut
799 1589 825 1637 in
833 1587 929 1638 Cretam
938 1589 1037 1654 naviga.

128 1662 172 1714 ret,
178 1657 246 1722 cujus
254 1655 347 1705 insulae
356 1656 458 1703 cultores
464 1654 527 1702 inter
535 1652 742 1702 Lacedaemonios
749 1659 774 1701 et
781 1654 929 1702 Macedonas
936 1654 1037 1704 diversis

127 1722 214 1770 studiis
224 1722 428 1770 distrahebantur.
452 1718 540 1783 Iegati
549 1735 640 1782 quoque
653 1721 683 1768 ad
696 1719 804 1768 Dareum
812 1720 881 1768 missi
890 1726 953 1778 sunt,
959 1720 1001 1782 qui
1010 1721 1037 1770 in

128 1803 198 1836 usum
207 1788 262 1836 belli
271 1787 412 1848 ampliorem
421 1785 470 1832 vim
480 1785 597 1846 pecuniae
605 1784 732 1848 pluresque
742 1801 816 1836 naves
824 1791 939 1847 peterent
956 1786 1036 1848 Atque

127 1852 189 1901 haec
201 1869 283 1902 eorum
295 1856 379 1913 coepta
391 1850 473 1898 clades
485 1851 516 1896 ad
528 1849 607 1897 Issum
620 1853 688 1908 (nam
697 1865 726 1898 ea
733 1850 905 1911 intervenerat)
917 1852 978 1898 adeo
988 1867 1036 1900 non

127 1918 294 1980 interpellavit,
305 1921 331 1964 ut
341 1915 415 1963 etiarn
429 1915 553 1978 adjuverit
578 1915 675 1976 Quippe
686 1913 821 1978 fugientem
833 1916 956 1964 insecutus
964 1917 1036 1966 Alex-

128 1985 204 2030 ander
215 1983 242 2030 in
254 1981 385 2045 longinqua
392 1981 447 2027 loca
455 1979 535 2041 magis
544 1980 671 2043 magisque
681 1980 832 2042 rapiebatur;
844 1986 868 2029 et
875 1997 905 2028 ex
912 1981 965 2042 ipo
971 1979 1037 2043 prce.¹

128 2048 161 2096 lio
171 2046 373 2095 mercenariorum
381 2045 469 2108 ingens
477 2043 606 2092 multitudo
615 2044 641 2091 in
648 2044 779 2092 Graeciam
787 2045 846 2110 Paga
855 2052 1036 2109 penetraverat:

127 2129 229 2175 quorum
241 2118 295 2160 ceto
306 2110 376 2158 milia
387 2109 487 2157 Persica
497 2109 601 2170 pectmia
618 2110 734 2158 conduxit
751 2111 813 2174 agis,
825 2127 953 2174 eorumque
965 2129 1035 2174 opera

128 2179 252 2240 plerasque
262 2175 414 2225 Cretensium
422 2175 493 2222 urbes
501 2175 600 2236 recepit
625 2175 688 2224 Cum
697 2176 811 2238 deinceps
820 2177 918 2236 Menon,
926 2177 951 2226 in
961 2178 1037 2228 Thra.

128 2243 193 2292 eiam
206 2245 237 2291 ab
249 2242 388 2290 Alexandro
399 2239 495 2299 missus,
503 2241 618 2290 barbaros
629 2244 660 2289 ad
672 2241 830 2290 desectionem
843 2242 986 2305 impulisset,
995 2245 1037 2294 ad.

127 2325 172 2371 que
182 2323 236 2356 eam
245 2307 454 2370 comprimendam
462 2306 592 2367 Antipater
598 2307 729 2356 exercitum
736 2323 766 2356 ex
773 2307 919 2358 Macedonia
925 2308 949 2356 in
958 2309 1036 2360 Thra-

126 2373 193 2423 ciam
198 2372 311 2433 duxisset,
316 2371 492 2436 opportunitate
498 2373 614 2434 temporis
621 2379 717 2422 strenue
725 2373 762 2422 usi
768 2372 954 2422 Lacedaemonii
960 2381 1035 2424 totam

126 2440 324 2504 Peloponnesum,
333 2438 418 2500 paucis
429 2437 529 2486 urbibus
540 2439 655 2500 exceptis,
667 2439 693 2486 in
704 2445 785 2500 partes
797 2445 930 2497 unxerunt,
942 2441 1036 2490 confec·

127 2511 197 2568 toque
204 2505 312 2553 exercitu
318 2503 405 2568 viginti
413 2502 508 2550 milium
516 2503 631 2565 peditum,
639 2519 694 2552 cum
703 2504 823 2567 equitibus
831 2504 868 2552 bis
877 2503 950 2564 mille,
959 2505 1035 2569 Agidi

127 2586 250 2618 summam
261 2569 359 2633 imperii
370 2568 515 2616 detulerunt.
548 2567 678 2630 Antipater
690 2585 719 2617 ea
731 2585 756 2617 re
768 2575 890 2632 comperta
907 2570 995 2618 bellum
1009 2571 1034 2620 in

127 2634 242 2694 'I‘hrucia
253 2636 339 2699 quibus
351 2639 429 2696 potest
438 2632 628 2693 condicionibus,
636 2633 766 2695 componit·
777 2635 912 2698 raptimque
925 2635 950 2681 in
962 2635 1034 2683 Grae-

127 2700 192 2748 ciam
201 2717 334 2765 regressus,
342 2701 372 2748 ab
382 2697 470 2747 amicis
478 2697 596 2760 sociisque
604 2697 743 2748 civitatibus
752 2699 842 2748 auxilia
851 2699 924 2762 cogit.
941 2699 1035 2756 Quibus

128 2765 331 2824 convenientibus,
341 2765 372 2814 ad
383 2763 545 2828 quadraginta
554 2770 717 2828 pugnatorum
725 2765 795 2812 milia
803 2764 932 2812 recensuit
957 2766 1034 2814 Adve-

127 2835 199 2878 nerat
214 2836 239 2877 et
255 2847 285 2878 ex
301 2831 358 2879 Pelo
407 2843 466 2876 naso
477 2829 557 2877 valida
569 2844 670 2884 manus;
687 2831 729 2877 sed
747 2829 803 2894 quia
814 2829 913 2877 dubiam
926 2829 1032 2893 ipsorum

128 2893 200 2942 fidem
212 2896 347 2955 resciverat,
373 2895 511 2943 insimulata
523 2895 659 2956 suspicione
669 2895 762 2958 gratias
770 2894 829 2959 egit,
837 2895 899 2957 qnod
911 2897 941 2942 ad
954 2897 1034 2944 defen-

127 2959 231 3008 dendam
244 2961 356 3009 adversus
367 2960 573 3010 Lacedaemonios
582 2959 715 3008 Alexandri
731 2959 876 3024 dignitatem
894 2960 1033 3010 affuissent:

127 3024 274 3086 scripturum
282 3042 308 3073 se
316 3026 339 3073 id
348 3023 409 3090 regi,
416 3025 522 3090 gratiam
530 3025 555 3073 in
564 3031 669 3086 tempore
677 3025 790 3074 relaturo.
815 3025 844 3073 In
852 3041 965 3086 praesens
972 3025 1033 3075 nihil

126 3105 187 3152 opus
197 3105 251 3137 esse
262 3091 394 3154 majoribus
406 3090 496 3151 copiis:
508 3091 589 3153 itaque
601 3091 684 3138 domos
695 3091 808 3149 redirent,
820 3089 922 3139 foederis
929 3092 1033 3140 necessi-

126 3162 177 3204 tate
188 3155 289 3218 expleta.
317 3155 421 3204 Nuntios
433 3156 520 3204 deinde
532 3157 563 3204 ad
575 3156 741 3204 Alexandrum
753 3156 836 3215 mittit,
843 3157 872 3204 de
881 3162 947 3204 motu
958 3157 1033 3204 Grae·

127 3220 181 3270 eiae
193 3220 319 3269 certiorem
331 3220 443 3269 facturos.
469 3221 548 3284 Atque
559 3221 595 3270 illi
607 3237 691 3284 regem
701 3222 763 3282 apud
771 3221 861 3270 Bactra
871 3223 969 3268 demum
977 3237 1032 3270 con·

126 3286 204 3338 secuti
212 3292 281 3342 aunt;
289 3301 344 3334 cum
353 3283 451 3334 interim
457 3285 579 3347 Antipatri
587 3286 694 3344 victoria,
701 3291 725 3333 ct
731 3301 791 3334 nece
799 3286 887 3350 Agidi
894 3285 1032 3334 inArcadia

127 3357 276 3400 transactum
287 3356 357 3399 esset.
374 3350 494 3415 Sanejam
505 3351 595 3412 pridem
606 3351 710 3398 tmnultu
719 3351 967 3400 Lacedaemoniorum
977 3367 1032 3415 cog·

126 3417 185 3475 nito,
201 3422 319 3479 quantum
340 3421 375 3463 tot
396 3419 514 3463 terrarum
536 3416 620 3478 spatiis
640 3415 757 3464 discretus
777 3417 861 3478 potuit,
881 3416 1032 3478 providerat:

126 3482 302 3543 Arnpboterum
314 3497 370 3529 cum
382 3480 477 3544 Cypriis
489 3487 512 3528 et
523 3479 663 3529 Phoeniciis
679 3481 782 3530 navibus
799 3482 824 3529 in
841 3482 1032 3543 Peloponnesum

127 3545 250 3611 navigare,
262 3541 379 3595 Meneten
390 3547 437 3594 tria
447 3545 516 3593 milia
528 3545 645 3594 talentum
657 3545 689 3593 ad
700 3561 767 3594 mare
779 3545 873 3594 deferre
881 3547 995 3611 jusserat,
1006 3551 1033 3595 ut

380 3759 386 3785 l
