2264 3880
438 287 530 328 Lruuu
549 288 592 328 lx.

58 397 96 450 At
115 393 264 450 Critobulus
280 395 390 448 tandem
407 395 450 448 vel
468 395 549 464 finito,
565 395 608 448 vel
624 394 790 448 dissimulato
809 403 891 464 metu,
909 393 967 448 hor·

58 465 110 518 tari
124 483 185 519 eum
198 466 293 534 coepit,
306 472 335 517 ut
347 481 376 516 se
389 463 577 518 continendum
592 465 748 534 praeberet,¹
761 463 824 518 dum
836 463 968 533 spiculum
1037 481 1039 488 ·

58 535 205 586 evelleret:
227 535 309 587 etiam
330 533 419 588 levem
437 534 550 604 corporis
566 543 669 590 motum
687 533 796 586 noxium
813 533 876 586 fore.
911 534 970 586 Rex

58 619 123 656 cum
144 603 311 673 affirmasset,
323 602 389 656 nihil
407 619 473 672 opus
490 619 549 655 esse
568 603 608 672 iis,
626 602 671 672 qui
692 612 778 655 semet
797 602 967 670 continerent,

58 673 129 726 sicut
153 682 325 752 praeceptum
348 680 412 742 erat,
432 673 489 726 sine
509 681 582 726 motu
609 671 729 742 praebuit
749 688 852 740 corpus.
887 671 969 740 Igitur

58 740 194 812 patefacto
215 742 294 794 latius
311 741 429 810 vulnere,
451 750 477 794 et
497 741 598 810 spiculo
622 740 718 811 evolso,
739 741 833 808 ingens
850 739 891 792 vis
910 758 969 792 sarr-

57 810 150 879 guiuis
169 827 276 864 manare
294 812 388 881 coepit,
402 810 537 880 linquique
555 811 643 864 animo
655 827 709 879 rex,
723 818 748 862 et
761 809 873 877 caligine
886 809 971 862 oculis

57 879 153 947 offusa,
166 880 249 932 veluti
261 879 433 933 moribundus
445 878 573 933 extendi.2
607 879 728 948 Cumque
746 877 903 948 profluvium
914 895 970 930 me·

58 947 219 1002 dicamentis
239 947 335 1002 frustra
358 947 516 1018 inhiberent,
535 949 634 1001 clamor
652 946 731 1002 simul
753 955 834 1016 atque
857 947 971 1016 ploratus

59 1019 208 1071 amicorum
237 1017 325 1087 oritur,
352 1035 444 1140 reqem
474 1019 610 1086 expirasse
640 1017 813 1070 credentium.
850 1016 971 1068 Tandem

59 1087 178 1139 constitit
198 1087 320 1157 sanguis,
332 1104 384 1157 pau
396 1086 515 1156 atimque
535 1088 654 1141 animum
678 1086 786 1155 recepit,
808 1094 834 1137 et
858 1087 970 1140 circum·

60 1165 162 1208 stantes
174 1156 261 1225 coepit
274 1173 425 1226 agnoscere.
461 1155 527 1210 Toto
539 1173 570 1208 eo
582 1155 626 1208 die
644 1172 676 1208 ae
695 1165 779 1224 nocte,
793 1172 861 1224 quae
881 1163 972 1208 secuta
1017 1163 1019 1171 ⁴

60 1233 109 1293 est,
123 1234 242 1278 armatus
255 1227 387 1279 exercitus
406 1226 504 1296 regiam
515 1224 627 1294 obsedit,
640 1225 778 1284 confessus
789 1241 881 1277 omnes
893 1225 972 1276 unius

60 1293 153 1362 spiritu
166 1294 264 1346 virere.
300 1295 359 1349 Nec
376 1295 448 1364 prius
467 1303 639 1364 recesserunt,
652 1311 733 1364 quam
745 1303 910 1364 compartum
922 1301 969 1361 est,

60 1379 154 1434 somno
176 1363 309 1434 paulisper
325 1364 505 1434 acquiescere.
541 1365 608 1418 Hinc
626 1365 766 1418 certiorem
783 1380 860 1434 spem
878 1362 972 1416 salutis

60 1431 120 1501 ejus
132 1433 158 1484 in
171 1441 257 1486 castra
269 1434 432 1488 rettulerunt.

97 1505 139 1552 23.
158 1502 216 1556 Rex
240 1512 342 1572 septem
364 1503 460 1556 diebus
478 1511 568 1556 curato
584 1502 694 1556 vulnere
721 1501 836 1555 necdum
857 1498 972 1553 obducta

60 1569 195 1623 cicatrioe³
217 1588 278 1626 curn
300 1572 426 1640 audisset,
444 1571 610 1625 convaluisse
628 1541 702 1640 apud
720 1570 846 1624 barbaros
869 1569 970 1622 lamam

60 1640 152 1692 mortis
171 1656 244 1710 suae,
263 1640 367 1694 duobus
386 1641 499 1709 navigiis
516 1639 620 1710 junctis,
639 1640 718 1692 statui
738 1640 765 1692 in
784 1638 904 1692 medium
924 1654 971 1690 un·

60 1708 142 1777 dique
154 1725 220 1761 cons
239 1711 328 1762 icuum
342 1709 541 1763 tabernaculum
552 1708 649 1778 jussit,⁴
661 1725 694 1762 ex
706 1725 758 1777 quo
773 1725 802 1766 se
821 1706 972 1761 ostenderet

11 1837 12 1846 ,
98 1777 163 1830 risse
175 1728 355 1831 credentibus.
392 1778 607 1846 Conspectusque
619 1777 654 1830 ab
667 1777 844 1847 incolisspem
855 1774 971 1830 hostiurn

11 1897 12 1902 ,
73 1847 129 1897 also
153 1847 244 1900 nuntio
273 1855 431 1916 conceptam
454 1844 577 1900 inhibuit.
625 1846 746 1900 Secundo
769 1845 866 1900 deinde
889 1860 970 1896 amne

61 1914 193 1983 defluxit*
212 1914 378 1983 aliquantum
398 1915 528 1968 intervalli
547 1932 564 1968 a
582 1923 671 1968 cetera
690 1914 776 1968 classe
796 1911 970 1984 praecipiens,

61 2000 97 2036 ne
118 1983 197 2051 quies
219 1984 319 2053 corpori
337 1983 452 2037 invalido
470 1983 558 2037 adhuc
576 1984 727 2038 necessaria
743 1984 822 2053 pulsu
840 1998 972 2036 remorum

62 2052 244 2119 impediretur.
281 2052 388 2121 Quarto,
404 2061 540 2123 postquam
560 2053 684 2121 navigare
701 2061 833 2122 coeperat,
852 2052 896 2104 die
915 2067 971 2120 per-

14 2147 16 2176 i
63 2120 136 2173 venit
150 2121 177 2173 in
190 2121 324 2189 regionem
343 2121 476 2176 desertam
512 2123 602 2175 uidem
614 2122 649 2176 ab
661 2121 762 2192 incolis,
776 2121 823 2175 sed
841 2121 972 2174 frumento

15 2217 17 2232 ι
63 2198 91 2242 et
103 2189 245 2257 pecoribus
255 2189 444 2244 abundantem.
482 2139 581 2244 anomt
593 2192 617 2244 is
629 2191 702 2245 locus
714 2201 740 2245 et
752 2191 786 2244 ad
799 2207 883 2260 suam,
898 2198 924 2241 et
937 2188 971 2240 ad

63 2258 180 2311 militum
197 2260 324 2327 requiem.
361 2260 422 2312 Mos
439 2267 494 2314 erat
513 2261 674 2331 principibus
691 2262 836 2314 amicornm
848 2269 874 2312 et
887 2267 972 2311 custo·

64 2328 144 2380 dibus
161 2327 293 2398 corporis,⁸
311 2329 443 2382 excubare
461 2339 522 2384 ante
540 2332 708 2400 praetorium,
722 2331 843 2401 quotiens
859 2328 973 2381 adversa

18 2393 19 2416 ³
65 2396 121 2464 regi
144 2396 268 2450 valetudo
292 2396 437 2450 incidisset.
473 2399 531 2452 Hoc
552 2409 609 2455 turn
632 2416 737 2470 quoque
760 2415 834 2453 more
858 2405 971 2462 servato,

19 2465 20 2472 ’
65 2467 182 2520 universi
194 2465 348 2520 cubiculum
361 2465 420 2520 s'us
431 2468 536 2522 intrant.
572 2469 621 2523 Ille
639 2471 772 2537 sollicitus,
787 2466 897 2536 nequid
911 2465 972 2517 nori

20 2565 21 2572 .
65 2535 196 2606 afferrent,
221 2535 284 2604 quia
307 2537 376 2588 simu
411 2546 544 2608 venerant,
569 2548 743 2608 percontatur,
767 2554 832 2590 num
855 2535 973 2588 hostium

67 2622 160 2658 recens
173 2607 337 2658 nuntiaretur
348 2604 486 2658 adrentus.

22 2699 23 2712 .
101 2679 141 2727 24.
161 2677 197 2728 At
215 2675 344 2746 Craterus,
364 2674 409 2727 cui
427 2674 582 2728 mandatum
599 2684 662 2744 erat,
676 2682 705 2728 ut
722 2674 867 2727 amicorum
879 2688 975 2742 preces

96 2809 102 2832 ¹
117 2803 170 2852 ‘To
182 2803 253 2852 allow
264 2803 366 2852 himself
373 2813 398 2852 to
409 2804 439 2852 be
452 2803 508 2852 held
519 2803 582 2852 sast.’

24 2867 25 2874 ’
80 2862 254 2931 '⁵‘Darlmess
273 2862 358 2922 spread
375 2879 432 2912 over
443 2863 481 2912 his
492 2878 559 2923 eyes,
572 2862 617 2912 arrd
633 2864 664 2910 he
679 2861 803 2913 stretched
818 2861 918 2930 himself
932 2872 974 2912 out

25 2933 26 2952 l
69 2921 117 2970 like
126 2937 142 2988 p
152 2921 225 2982 dying
236 2923 309 2990 man!
341 2921 453 2992 Extendi,
462 2923 603 2972 sometimes
619 2921 662 2969 has
673 2920 782 2980 apurely
792 2935 888 2981 passive
899 2921 973 2983 signi·

69 2979 172 3066 lioptron,
185 2989 325 3028 sometimes
337 2996 352 3029 a
362 2981 484 3051 reflectrye
496 2981 532 3051 sor
542 2998 567 3029 aa
576 2983 704 3062 pataram.

27 3061 28 3070 i
97 3037 595 3164 j¹ilhspdiddiidhoidiitiiiribcllecairiiiridall
610 3098 675 3147 sides
690 3108 717 3147 to
732 3099 762 3147 ba
779 3098 877 3148 created
893 3098 917 3146 in
932 3097 974 3146 the

72 3153 174 3203 middle)
206 3154 238 3222 ¹ln
249 3159 322 3204 medio
332 3157 412 3226 would
423 3157 484 3207 have
495 3160 557 3208 been
569 3171 634 3206 more
645 3173 764 3206 common.
915 3215 920 3225 ,

100 3221 108 3244 ·
118 3218 124 3239 ·
133 3213 169 3260 He
177 3213 252 3260 sailed
261 3214 333 3298 down
340 3214 380 3263 the
387 3217 472 3284 riverz'
482 3227 566 3300 opalus
573 3220 697 3285 amadus,
708 3215 882 3284 ‘afaroumble
890 3214 972 3271 wrndr’

72 3272 973 3403 ttt⁶ttt'²?t.t¹tll.tltrsslttttllresultabatllzttttt

74 3390 126 3438 The
137 3399 245 3448 opposite
256 3399 281 3437 to
291 3394 408 3438 assumar
419 3408 439 3440 rs
450 3397 570 3442 odoenus.
982 3429 984 3435 ι

100 3455 108 3478 ·
120 3449 172 3498 The
184 3450 301 3498 amiciora
314 3449 354 3520 the
366 3449 459 3500 leaders
469 3452 497 3499 ol
504 3453 544 3500 the
555 3450 713 3502 Macedonian
720 3451 824 3512 infantry
833 3453 972 3512 (tristatam),

75 3507 113 3556 tha
123 3509 227 3558 merda
237 3524 337 3571 corporat
348 3507 390 3557 tha
401 3513 581 3620 σωματοφύλιὲιις.
