2264 3880
459 239 563 293 ‘urana
583 253 626 293 rx.
677 268 683 280 =
943 234 1001 294 203

93 357 187 414 salutis
203 361 367 429 aegritudine
385 359 517 414 effecerat.
555 363 615 414 Non
633 369 723 414 tamen
737 363 865 416 invictum
878 363 999 416 animum

94 445 174 482 curae
205 430 325 499 obruunt,
355 431 418 510 quiri
448 441 502 483 tota
533 442 610 484 nocte
641 431 794 500 persideret¹
819 434 845 484 in
874 432 998 502 speculis,

92 500 250 568 equitesque
268 508 449 568 praemitteret
467 500 500 552 ad
520 517 549 552 os
567 502 661 569 amnis,
682 513 717 569 ut,
737 517 799 554 curn
817 518 890 553 mare
910 517 998 554 rursus

92 577 249 620 exaestuare
267 569 418 637 sensissent,
432 571 629 638 praecederent.
665 569 780 638 Navigia
792 587 895 640 quoque
914 581 941 623 et
961 571 998 624 la·

92 645 181 688 cerata
200 637 280 703 refici,
293 648 319 690 et
338 655 431 690 eversa
449 638 574 691 fluctibus
591 639 656 707 erigi
673 638 755 708 jubet,
770 649 926 709 paratosque
938 655 998 692 esse

93 715 121 758 et
140 707 261 775 intentos,
280 723 341 760 curn
366 724 455 760 rursus
477 725 551 759 mare
576 720 658 760 terras
680 709 842 760 inundasset.
878 709 944 761 'lota
964 725 999 762 ea

92 785 170 827 nocte
187 775 255 827 inter
266 776 371 843 vigilias
388 776 636 846 adhortationesque
655 786 819 846 consumpta,
832 777 953 830 celeriter
971 787 998 830 et

92 845 196 912 equites
213 845 313 912 ingenti
330 862 409 898 cursu
428 845 556 916 refugere,
576 857 602 898 et
626 856 735 899 secutus
751 857 792 898 est
812 856 910 898 aestus.
946 847 998 905 Qui

91 913 177 981 primo
194 913 271 982 aquis
289 914 342 966 leni
359 922 442 969 tractu
461 915 635 968 subeuntibus
660 933 707 968 coe
727 916 747 968 it
772 915 862 968 levare
885 917 996 986 navigia,

92 999 154 1042 mox
172 984 232 1035 totis
249 984 352 1052 campis
374 983 503 1036 inundans
526 985 606 1036 etiarn
633 934 737 1054 impullt
762 985 885 1038 classem.
922 986 997 1038 Plau-

92 1067 189 1120 susque
208 1052 322 1105 militum
342 1053 566 1122 nauticorumque,
586 1055 746 1124 insperatam
773 1053 886 1107 salutern
905 1055 997 1106 immo-

91 1119 151 1172 dico
164 1121 355 1174 celebrantium
368 1121 471 1190 gaudio,
482 1123 602 1174 litoribus
615 1123 730 1192 ripisque
744 1124 890 1177 resonabat.
920 1123 998 1176 Unde

91 1199 194 1242 tantum
212 1191 322 1244 redisset
339 1191 425 1243 subito
447 1192 539 1243 merel
562 1190 614 1260 qho
633 1191 718 1261 pridie
737 1191 896 1262 refugissetl
916 1209 997 1262 quae-

90 1276 154 1311 nam
177 1269 247 1312 esset
269 1259 390 1329 ejusdem
414 1261 539 1312 elementi
562 1269 661 1328 natura,
686 1262 763 1314 modo
787 1263 893 1329 discors,
918 1261 997 1314 modo

90 1328 200 1396 irnperio
224 1338 373 1400 temporum
396 1329 528 1397 obnorria,²
552 1330 699 1383 mirabundi
728 1332 904 1399 requirebant.
940 1333 998 1384 Rex

90 1413 152 1450 curn
177 1415 209 1450 ex
230 1415 269 1467 eo,
294 1399 364 1467 quod
387 1400 527 1466 acciderat,
552 1399 719 1469 conjectaret,
743 1411 802 1470 post
826 1401 888 1454 solis
910 1411 997 1452 ortum

90 1476 188 1520 statum
206 1476 313 1536 tempus
330 1485 396 1537 esse,
410 1469 444 1520 de
462 1469 552 1521 media
570 1471 665 1536 nocte,³
677 1479 706 1522 ut
723 1479 826 1522 aestum
845 1479 995 1538 occuparet,

89 1551 152 1588 curn
169 1538 261 1606 paucis
278 1538 390 1606 navigiis
409 1538 524 1590 secundo
536 1555 616 1590 amne
628 1538 748 1592 defluxit.
785 1540 954 1608 Evectueque
967 1555 997 1590 os

89 1604 149 1674 ejus
161 1607 350 1675 quadringenta
370 1607 455 1659 stadia
476 1607 600 1677 processit
619 1608 646 1659 in
664 1625 745 1676 mare,
762 1607 870 1660 tandem
883 1609 934 1660 voti
955 1609 996 1660 sui

88 1689 212 1745 compos;
259 1677 457 1744 raesidibusque
476 1686 502 1727 et
521 1677 602 1728 maris
619 1685 646 1728 et
664 1676 781 1728 locorum
798 1676 850 1728 diis
867 1675 996 1728 sacrificio

89 1743 166 1813 lactc,
180 1745 213 1796 ad
227 1693 341 1796 classem
354 1745 438 1796 rediit.
657 1757 659 1761 ·

124 1817 165 1866 38.
185 1814 252 1866 Hinc
277 1813 419 1866 adversum
445 1813 545 1865 flumen
571 1813 652 1866 subit⁴
676 1813 775 1883 classis,
796 1823 822 1866 et
846 1813 927 1868 altero
950 1813 996 1866 die

88 1883 200 1950 appulsa
218 1890 258 1933 est
278 1882 348 1934 haud
375 1882 464 1951 procul
490 1882 548 1934 lacu
568 1883 643 1951 salso,
663 1883 738 1952 cujus
755 1883 885 1950 incognita
903 1891 996 1935 natura

89 1951 229 2019 plerosque
242 1950 347 2019 decepit
359 1959 460 2003 temere
473 1951 605 2019 ingressos
623 1967 730 2020 aquarn.
767 1952 871 2022 Quippe
891 1952 996 2004 scabies

89 2036 196 2088 corpora
209 2019 312 2089 invasit,
325 2029 352 2072 et
364 2021 527 2088 contagium⁶
540 2019 623 2072 morbi
635 2022 716 2072 etiarn
734 2020 761 2074 in
780 2021 846 2073 alios
857 2020 995 2089 vulgatum

89 2097 139 2140 est.
175 2088 269 2142 Oleum
289 2089 405 2146 remedio
425 2089 482 2142 luit.
518 2091 651 2142 Leonnato
674 2089 770 2144 deinde
796 2090 948 2159 praemisso,
967 2099 996 2142 ut

89 2167 185 2226 puteos
201 2156 310 2227 foderet,
324 2175 377 2238 qua
389 2159 502 2211 terrestri
515 2160 608 2212 itinere
621 2159 747 2212 ducturus
765 2160 910 2214 exercitum
923 2159 995 2211 vide·

91 2227 174 2294 batur,
199 2227 296 2296 quippe
319 2243 390 2280 srcca
413 2239 468 2279 erat
492 2229 571 2297 regio,
596 2229 652 2298 ipse
676 2245 739 2281 curn
762 2229 845 2298 copiis
868 2229 994 2296 subsistit,

90 2313 202 2348 vernum
225 2305 331 2366 tempus
356 2299 519 2367 expectans.⁸
563 2299 672 2351 Interim
696 2307 722 2350 et
746 2299 825 2351 urbes
855 2297 995 2368 plerasque

90 2365 216 2418 condidit.
252 2365 373 2418 Nearcho
391 2374 471 2436 atque
488 2369 633 2420 Onesicrito
650 2369 774 2420 nauticae
793 2370 830 2420 rei
842 2368 935 2436 peritis
947 2369 995 2420 irn-

90 2435 200 2505 peravit,
225 2443 253 2488 ut
277 2435 454 2491 validissimas
476 2439 584 2490 navium
614 2437 777 2490 deducerent
801 2438 827 2490 in
850 2438 995 2506 Oceanum,

89 2505 271 2574 progressique
290 2505 377 2574 quoad
398 2514 453 2558 tuto
507 2516 586 2575 ssent,
603 2516 725 2559 naturam
743 2507 825 2559 maris
842 2513 995 2558 noscerent:

90 2574 133 2626 vel
146 2574 239 2626 eodem
253 2592 340 2644 amne,
354 2574 397 2626 vel
411 2575 469 2644 Eup
490 2586 544 2627 rate
558 2575 646 2628 subire
664 2592 710 2627 eos
728 2591 812 2644 posse,
825 2589 888 2626 curn
901 2573 997 2627 reverti

90 2643 124 2695 ad
137 2659 166 2695 se
178 2643 286 2696 vellent.

125 2717 166 2764 39.
184 2714 298 2782 Jamque
311 2712 431 2781 mitigata
442 2711 539 2780 hieme,
553 2720 579 2764 et
592 2713 711 2782 navibus,
725 2728 794 2782 quae
807 2711 913 2764 inutiles
925 2711 997 2764 vide·

90 2780 192 2852 bantur,
212 2783 345 2849 crematis,
367 2792 435 2834 terra
458 2782 571 2835 ducebat
595 2783 761 2835 exercitum.⁷
795 2781 880 2836 Nonis
905 2781 998 2834 castris

117 2877 128 2924 ¹¹
139 2901 144 2922 ‘
154 2897 191 2944 Hs
202 2895 330 2944 continued
341 2905 366 2944 to
377 2896 425 2944 sit.’

111 2959 146 3061 *ff‘s‘
155 2955 425 3062 Sortnpgqr'npmqpposed
438 2956 578 3006 sometimes
589 2956 682 3016 subject
694 2965 719 3002 to
730 2954 771 3004 the
783 2957 910 3006 commend
920 2957 948 3006 os
955 2957 997 3006 the

93 3014 322 3140 dl³llerrlmediatelp
333 3071 394 3121 alter
404 3073 540 3134 midnighr!

120 3135 129 3160 ⁴
140 3131 207 3178 Even
217 3130 318 3178 wrthout
330 3131 370 3178 the
381 3135 512 3189 adversum,
518 3133 610 3194 flumen
620 3135 697 3182 salire
705 3132 784 3182 would
796 3133 947 3188 hevemeaut
958 3139 998 3184 ‘to

93 3189 137 3260 scil
148 3205 179 3248 up
186 3190 305 3296 lphaeriper
313 3191 329 3246 ;'
341 3189 377 3238 sor
387 3193 465 3240 salira
474 3191 581 3252 signifies
595 3197 634 3240 ‘to
644 3207 676 3254 go
686 3191 747 3240 from
755 3193 834 3242 below
843 3209 874 3254 up
883 3203 908 3242 to
917 3209 996 3243 sonte·
1019 3203 1022 3212 '

93 3250 355 3366 thlnfitllreodornnionly
365 3310 478 3370 contagio.

118 3367 165 3415 ‘In
177 3367 217 3416 the
229 3381 286 3426 year
296 3370 339 3416 ³25
351 3380 374 3413 a.
383 3381 405 3414 c.

120 3424 277 3474 'Alexander
287 3433 341 3472 sent
352 3425 415 3474 beck
425 3425 467 3474 the
525 3435 577 3476 ater
592 3435 644 3486 part
660 3427 689 3476 ol
700 3427 741 3477 the
760 3443 837 3489 army,
849 3427 925 3477 under
936 3427 995 3478 Cra-

92 3495 165 3543 terus,
178 3483 284 3546 through
294 3483 430 3533 Arachosia
439 3499 469 3533 au
557 3486 637 3548 gisna
647 3495 672 3536 tc
682 3485 819 3538 Carmania.
846 3487 885 3537 He
893 3487 995 3538 himself
