2410 3890
550 235 642 274 ursas
662 236 691 276 v.
808 183 813 213 r
1016 217 1072 274 183

163 341 261 396 omisso
279 341 382 410 itinere,
399 335 468 410 quod
486 341 593 410 patebat
612 343 638 394 in
658 342 787 411 Mediam,
801 343 948 412 fugientem
968 341 1072 414 insequi

162 412 247 482 pergit
265 411 391 464 strenue.¹
426 409 515 463 Tabas
532 411 669 480 (oppidum
682 421 722 464 est
735 413 761 464 in
776 412 953 466 Paraetacene
967 412 1072 482 ultima)

162 481 299 550 pervenit:
326 480 361 533 ibi
383 479 533 548 transfugae
555 481 683 548 nuntiant,
702 482 876 551 praecipitem
896 483 958 550 fuga
978 482 1073 536 Bactra
1103 511 1105 522 ι

181 559 253 602 clere
267 551 390 603 Dareum.
421 551 536 601 Certiora
544 549 641 602 deinde
651 551 783 618 cognoscit
793 569 826 604 ex
835 551 975 619 Bagistane
984 551 1071 622 Baby·

162 567 249 672 lhnio:
269 636 319 673 non
333 619 469 689 equidem²
481 619 601 673 vinctum
614 635 713 688 regem,
726 619 774 672 sed
787 620 812 672 in
826 621 942 690 periculo
955 635 1014 672 esse
1027 630 1072 674 out
1105 641 1110 662 t

163 690 260 759 mortis,
273 701 319 742 aut
332 687 496 741 vinculorum
508 688 668 742 affirmabat.
704 689 768 756 Rex,
782 687 895 742 ducibus
909 691 1068 760 convocatis,

163 757 323 828 Maximum,
338 757 430 826 inquit,
444 773 516 826 opus,
531 757 578 810 sed
592 756 664 812 labor
676 755 849 816 brevissimus
861 768 989 828 superest.
1022 759 1071 816 Da-

164 843 225 880 reus
244 828 314 881 hand
337 827 426 896 procul
446 827 588 880 destitutus
607 844 623 878 a
643 829 706 896 suis,
725 835 770 880 aut
790 844 941 896 oppressus.
972 829 1006 880 ¹ln
1029 828 1073 880 illo

158 913 270 967 ,corpore
290 897 372 966 posita
390 904 431 948 est
449 905 535 948 nostra
547 897 662 964 victoria,
677 907 703 950 et
722 905 795 949 tanta
814 914 857 949 res
874 897 1018 949 celeritatis
1033 908 1073 952 eat

163 968 320 1038 praemium.
357 965 456 1018 Omnes
467 966 563 1035 pariter
581 966 755 1036 conclamant,
768 974 873 1036 paratos
890 967 960 1036 ipsos
979 966 1071 1034 sequi:

164 1051 216 1088 nec
228 1036 318 1104 labori,
328 1051 377 1088 nec
390 1034 507 1104 periculo
517 1045 645 1104 parceret.
675 1037 758 1105 Igitur
771 1035 865 1105 raptim
875 1053 970 1104 agmen
981 1052 1074 1088 cursus

164 1107 252 1174 magis
268 1122 347 1174 quarn
367 1105 468 1157 itineris
486 1105 563 1158 modo
581 1104 663 1176 ducit,
677 1123 710 1158 ne
723 1114 850 1158 nocturna
861 1105 970 1176 quidem
983 1105 1072 1174 quieto

165 1174 289 1228 diurnum
314 1174 432 1228 laborem
451 1174 595 1228 relaxante.
631 1175 724 1244 Itaque
745 1175 892 1246 quingenta
910 1174 996 1228 stadia
1016 1191 1073 1243 pro-

166 1244 254 1313 cessit,
268 1253 476 1315 perventumque
495 1255 551 1298 erat
569 1245 594 1298 in
609 1244 706 1314 vicum,
726 1245 753 1298 in
771 1261 822 1314 quo
842 1246 958 1298 Dareum
975 1243 1074 1297 Bessus

166 1312 410 1384 comprehenderat.
447 1314 487 1368 lbi
499 1315 590 1368 Melon
604 1314 683 1368 Darei
700 1315 829 1384 interpres
842 1314 977 1384 excipitur.
1014 1313 1073 1366 Cor-

165 1399 228 1453 pore
240 1401 320 1452 aeger
332 1400 382 1438 non
396 1393 516 1454 potuerat
527 1401 624 1454 agmen
643 1385 757 1454 assequi,
771 1393 797 1436 et
810 1382 992 1453 deprehensus
1004 1384 1073 1436 cele·

166 1453 243 1506 ritate
266 1455 342 1522 regis,
364 1454 530 1523 transfugam
551 1471 580 1506 se
604 1470 664 1506 esse
688 1453 839 1506 simulabat.
876 1455 918 1506 Ex
940 1452 991 1506 hoc
1014 1460 1075 1506 acta

165 1525 308 1592 cognoscit.
334 1523 385 1578 Sed
396 1523 512 1592 fatigatis
520 1523 671 1578 necessaria
679 1524 756 1592 quies
764 1531 828 1575 erat.
858 1523 951 1592 Itaque
961 1522 1075 1575 delectis

165 1609 181 1646 e
202 1594 288 1646 tritum
305 1611 353 1648 sex
370 1593 486 1663 milibus,
499 1587 638 1662 tiecentos,
651 1609 718 1662 quos
731 1591 874 1645 Dimachas
890 1591 1069 1662 appellabant,

165 1610 299 1732 ad‘ungit:
321 1666 396 1717 dorso
416 1663 443 1716 hi
461 1663 581 1732 graviora
600 1679 674 1716 arma
692 1661 839 1733 portabant,
858 1669 978 1720 ceterum
998 1661 1074 1730 equis

165 1681 346 1803 vehebantur5
364 1749 427 1786 cum
441 1750 482 1785 res
493 1733 618 1801 locusque
630 1740 759 1801 posceret,
773 1730 903 1800 pedestris
915 1732 988 1783 acies
999 1731 1076 1784 erat.³

200 1807 241 1856 36.
260 1805 334 1855 Haec
354 1811 479 1870 agentem
499 1799 683 1855 Alexandrum
706 1800 808 1853 adeunt
825 1799 923 1854 Orsilos
943 1807 970 1852 et
993 1799 1075 1852 Mith-

164 1872 284 1925 moenis:
309 1871 383 1924 Bessi
406 1870 573 1940 parricidium
593 1871 667 1921 exosi
686 1869 886 1938 transfugerant,
907 1868 1075 1922 nuntiabant·

185 1955 227 2009 ue,
241 1939 327 1993 stadia
339 1942 363 1992 D
374 1941 470 1993 abesse
483 1939 585 2004 Persas,
599 1937 670 2006 ipsos
686 1937 794 1990 brevius
811 1938 862 1990 iter
879 1945 1076 1990 monstraturos.

163 1957 263 2062 drutus
281 2010 336 2076 regi
353 2009 484 2062 adrentus
503 2005 697 2074 transfugarum
715 1999 787 2059 fait.¹
810 2007 902 2075 Itaque
920 2007 1006 2078 prima
1018 2023 1077 2060 ves-

162 2094 230 2148 pera
248 2077 363 2132 ducibus
380 2076 476 2132 iisdem
495 2093 556 2130 cum
575 2075 700 2145 expedita
718 2075 837 2144 equitum
856 2092 937 2129 manu
949 2085 1077 2128 monstra·

165 2155 223 2200 tam
244 2149 316 2202 viam
339 2147 491 2216 ingreditur,
505 2144 653 2216 phalange,
675 2154 804 2214 quantam
827 2144 952 2198 festinare
978 2152 1075 2215 posset,

164 2218 242 2286 sequi
266 2217 347 2288 jussa.
383 2217 451 2288 lpse,
472 2216 597 2287 quadrato
620 2215 728 2284 agmine
753 2215 886 2286 incedens,
909 2215 945 2268 ita
969 2231 1075 2268 cursum

163 2349 381 2421 substantive,·see
395 2347 474 2396 Grani.
487 2347 561 2403 llofi,
575 2355 632 2394 note
643 2349 664 2394 5.
696 2346 734 2392 As
749 2353 776 2393 to
791 2348 818 2412 uh
828 2344 965 2402 Ecbatanis,
983 2308 1076 2393 ἷοτηῑὴὲ

163 2405 824 2535 ,ΠΡΡΓΙῖιέτῖΙῗεξιζὲἲέἰθᾱῗεὲῗῖῥαῖιὲεγῦεῗ’νιὲἓξῑθὲῖιῃῐίυο
839 2463 886 2512 and
898 2463 992 2532 Arrian.
1025 2463 1075 2532 Ae·

163 2529 267 2588 cording
281 2539 307 2575 to
323 2527 364 2575 the
381 2527 452 2574 latt'er
462 2525 586 2580 bretonan,
600 2522 740 2571 Alexander
750 2527 792 2571 aad
802 2522 908 2588 adrance
919 2532 970 2570 rnto
982 2521 1073 2580 Media,

164 2588 283 2648 besieged
294 2587 426 2642 Ecbatana.
440 2585 480 2631 the
491 2583 578 2642 capital
593 2582 622 2630 cf
634 2582 686 2650 that
696 2582 824 2640 province,
839 2582 886 2650 and
902 2581 967 2649 then.
976 2581 1045 2630 rnade
1061 2596 1076 2630 a

164 2649 250 2700 march
261 2645 289 2694 of
301 2645 386 2694 eleven
401 2643 461 2704 days
476 2641 580 2748 thkpough
591 2639 780 2749 Mfdmalhllln
794 2655 822 2747 :a
834 2639 1075 2748 (ὲὲιεὲὶἆεῑὲῗὲῇὴῖοέιῦἑ

164 2701 694 2826 PhdlhlhsntlgeatdlhhelheraJlld)'Parthia.
725 2757 749 2806 ft
763 2715 897 2813 waspthen,
913 2756 950 2806 for
966 2714 1005 2805 mg
1021 2757 1074 2807 first

164 2829 235 2883 time,
248 2826 280 2875 he
291 2821 403 2891 obtained
414 2819 567 2880 intelligence
574 2818 604 2894 pf
611 2817 700 2874 Darius
709 2818 782 2885 being
793 2816 824 2864 lue
842 2825 851 2864 t
862 2832 889 2864 aa
900 2817 1031 2886 sprisonor
1041 2819 1074 2880 by

164 2887 204 2957 his
223 2882 405 2953 ownuoldrers.
433 2879 530 2950 Tabae,
548 2879 589 2926 the
608 2886 675 2925 town
691 2886 812 2944 mentione
848 2877 881 2984 hp
897 2875 1005 2933 Curtius,
1023 2892 1074 2946 was

164 2943 272 2996 sttuated
285 2958 308 3010 ¹.ss
319 2941 484 3002 theprovrnce
495 2937 523 2986 of
535 2937 705 2992 Paraetacene,
719 2935 799 2985 which
815 2934 854 2996 lay
881 2945 978 2984 etween
992 2935 1074 2986 Persis

164 3001 332 3123 andgdhldbm
347 3058 367 3106 is
382 3058 440 3106 he're
455 3055 592 3116 equivalent
607 3064 633 3103 to
647 3071 705 3102 rone
715 3055 813 3114 quidem.
846 3053 965 3114 Campam
974 3053 1023 3103 viii.
1035 3058 1073 3106 27.

163 3127 194 3179 In
207 3123 296 3172 Cicero
313 3119 329 3165 it
346 3117 367 3164 is
383 3117 473 3177 always
489 3115 572 3192 joined
590 3124 616 3163 to
631 3114 714 3162 averb
733 3113 757 3162 in
775 3112 816 3161 the
832 3111 884 3162 first
900 3129 994 3174 person.
1026 3113 1075 3162 Sec

164 3179 297 3292 lelhlllt’nb
302 3181 373 3283 {leole
384 3249 451 3282 some
462 3231 490 3282 of
496 3233 537 3281 the
548 3230 722 3300 bossy-amred
732 3229 806 3280 infant
838 3267 849 3304 ,¹
857 3230 970 3292 hoplites,
982 3230 1038 3279 who
1048 3239 1072 3279 at

162 3308 237 3358 times
258 3296 329 3348 acted
351 3309 377 3342 as
398 3293 501 3353 cavalry.
536 3292 619 3340 Hence
641 3291 703 3338 therr
723 3305 793 3338 name
840 3295 945 3348 mulce,
969 3288 1072 3358 ‘double

161 3359 283 3431 fighrmJ
304 3353 387 3421 When
397 3366 428 3400 on
439 3350 582 3430 horseback,
593 3351 651 3410 they
660 3349 731 3418 slung
743 3350 805 3398 their
813 3349 892 3410 heavy
900 3365 964 3398 arms
975 3358 999 3396 at
1009 3348 1074 3396 theu

160 3426 247 3480 back..
280 3417 359 3468 Dorro
374 3413 409 3460 tor
424 3420 498 3474 tergo,
511 3426 541 3459 an
553 3409 732 3478 extraordinary
742 3423 786 3458 asa
797 3407 826 3458 of
837 3408 879 3458 the
890 3407 965 3464 word,
977 3409 1073 3458 doram

137 3479 140 3490 “
160 3482 275 3554 properly
286 3469 421 3538 siguilying
431 3469 472 3518 the
483 3470 545 3518 back
556 3469 584 3518 of
590 3467 691 3519 animals
702 3465 768 3529 only.
