2314 3886
172 257 227 314 tes
437 271 477 312 os
501 273 607 312 casrrs
628 273 810 314 sessanum.

170 397 287 453 pugnam
312 379 457 434 invadunt.¹
493 380 565 439 Quos
588 381 654 436 dum
676 381 781 434 obsidet
804 397 858 449 terr,
884 379 951 432 inter
974 395 1090 452 promp-

171 452 287 504 tissimos
304 449 434 503 dimicans
445 451 540 518 sagitta
552 450 621 504 ictus
633 459 680 519 est,
693 467 762 519 quae
781 450 806 502 in
825 447 914 502 medio
931 465 1009 502 crure
1029 449 1088 504 fixa

170 520 312 589 reliquerat
330 518 470 590 spiculum.
506 519 584 572 lllum
596 519 705 589 quidem
720 519 815 572 maesti
827 529 853 570 et
866 519 969 570 attoniti
988 519 1087 572 Mace-

170 589 253 642 dones
273 588 299 641 in
320 598 406 642 castra
425 588 590 642 referebant:
616 588 663 642 sed
687 606 737 640 nec
758 588 883 642 barbaros
902 587 998 640 lesellit
1018 589 1086 642 sub-

170 658 267 712 ductus
279 675 312 711 ex
323 659 397 712 acie:
416 658 513 728 quippe
532 675 566 710 ex
583 658 654 710 edito
672 666 761 710 monte
774 667 869 710 cuncta
881 669 1084 726 prospexerant.

171 727 262 797 ltaque
277 737 379 797 postero
391 727 434 780 die
447 728 543 782 misere
556 727 656 795 legatos
667 727 701 778 ad
715 743 812 795 regem,
826 743 892 796 quos
904 726 949 778 ille
961 729 1087 806 protinus

169 797 246 867 jussit
257 797 370 866 admitti,
384 796 529 865 solutisque
547 795 631 865 faciis,
646 796 855 864 magnitudinem
868 795 985 848 vulneris
1003 796 1084 849 dissi·

172 867 284 936 mulans,
297 884 359 920 crus
370 865 488 918 barbaris
499 865 621 919 ostendit,
657 864 697 918 llli
708 865 774 936 jussi
787 865 923 918 considere
935 865 1083 936 affirmant,

171 953 220 990 non
241 935 412 1004 Macedones,
426 953 505 1004 quam
524 936 605 1004 ipsos²
618 935 742 987 tristiores
756 933 839 988 fuisse
852 936 956 1001 cognito
967 935 1085 988 vulnere

170 1006 177 1057 i
198 1007 265 1058 sius:
286 1005 362 1076 cujus
380 1005 401 1056 si
420 1014 554 1058 auctorem
569 1005 751 1074 repperissent,
765 1004 899 1057 dedituros
910 1003 1002 1072 fuisse,
1016 1021 1083 1058 cum

191 1076 222 1127 iis
240 1075 312 1127 enim
330 1091 448 1144 pugnare
468 1074 609 1142 sacrilegos
629 1082 741 1126 tantum.
777 1075 898 1126 Ceterum
921 1082 1085 1142 segentem

172 1146 197 1196 in
216 1143 298 1197 fidem
316 1141 421 1212 dedere,
437 1152 573 1212 superatos
590 1145 686 1196 virtute
704 1142 782 1196 illius.
818 1143 882 1212 Rex,
899 1142 951 1195 fide
970 1141 1037 1194 data
1057 1153 1084 1196 et

170 1214 281 1282 captivis
293 1215 414 1282 receptis,
427 1222 534 1280 gentem
547 1213 571 1264 iu
586 1211 746 1266 deditionem
758 1212 869 1282 accepit.
906 1211 1004 1264 Castris
1016 1212 1085 1266 inde

170 1283 250 1334 motis
268 1281 363 1333 lectica
378 1281 481 1334 militari
499 1281 640 1349 serebatur,
653 1298 734 1350 quam
752 1298 798 1350 pro
816 1299 845 1333 se
864 1282 975 1350 quisque
995 1298 1085 1350 eques

170 1350 304 1428 pedesque
318 1349 416 1402 subirs⁸
428 1350 571 1402 certabant.
609 1352 726 1420 Equites,
739 1368 802 1404 curn
814 1350 909 1419 quibus
921 1367 967 1402 rex
978 1351 1085 1419 proelia

172 1420 238 1470 inire
259 1420 351 1472 solitus
371 1429 434 1488 erat,
456 1421 495 1472 sui
516 1420 633 1472 muneris
656 1420 681 1472 id
705 1437 764 1472 esse
788 1420 948 1474 censebant:
973 1420 1084 1488 pedites

170 1497 267 1556 contra,
287 1504 348 1540 cum
367 1491 469 1540 saucios
486 1488 680 1542 commilitones
699 1489 747 1558 ipsi
766 1499 870 1556 gestare
888 1489 1082 1560 assuevissent,

171 1559 235 1626 eripi
254 1557 302 1610 sibi
321 1559 452 1626 proprium
471 1559 589 1612 officium
608 1569 663 1610 tum
682 1559 856 1627 potissimum,
874 1575 937 1612 cum
956 1575 1002 1610 rex
1020 1576 1083 1628 ges-

171 1626 267 1680 tandus
288 1637 367 1695 esset,
408 1627 573 1680 uerebantur.
610 1629 673 1695 Rex,
696 1628 721 1679 in
743 1636 813 1680 tanto
838 1628 906 1680 utriu
939 1644 973 1678 ue
997 1630 1084 1696 partis

170 1697 323 1764 certamine,
338 1699 398 1749 etsi
419 1698 426 1749 i
440 1696 586 1765 difficilem,
600 1706 626 1748 et
639 1697 785 1766 praeteritis
796 1713 905 1765 gravem
918 1713 932 1747 e
945 1697 1083 1751 ectionem

171 1765 286 1818 futuram
300 1775 377 1834 ratus,
391 1767 504 1818 invicem
518 1766 606 1818 subire
619 1783 665 1818 eos
675 1765 759 1834 jussit.

207 1839 248 1888 26.
267 1835 335 1888 Hinc
346 1845 437 1904 quarto
453 1835 496 1886 die
513 1835 546 1886 atl
564 1834 656 1887 urbem
674 1834 1016 1904 Maracanda⁴perventum
1030 1847 1083 1888 est.

172 1905 239 1958 LXX
251 1904 336 1958 stadia
348 1922 440 1957 murus
452 1905 522 1957 urbis
534 1904 701 1974 amplectitur
709 1920 716 1971 ;
734 1922 781 1958 arx
797 1904 849 1956 alio
868 1903 980 1970 cingitur
992 1921 1082 1958 muro.

171 1977 211 2030 Ac
229 1973 359 2044 praesidio
378 1974 450 2027 urbis
470 1974 566 2039 relicto,
580 1975 711 2042 proximos
723 1973 796 2026 vicos
812 1973 985 2075 depopulatur
996 1983 1084 2043 atque
1147 1959 1148 2048 l

171 2045 241 2096 urit.⁶
280 2043 372 2112 Legati
401 2043 498 2096 rleinde
527 2043 654 2096 Abiorum
685 2043 843 2112 Scytharum
881 2043 1083 2114 superveniunt,
1146 2071 1147 2141 p

172 2113 255 2180 liberi,
269 2129 303 2164 ex
315 2129 366 2181 quo
381 2113 531 2164 decesserat
550 2113 641 2181 Cyrus,
659 2121 715 2165 tum
734 2112 862 2181 imperata
881 2110 983 2163 facturi.
1020 2113 1084 2165 Jus-

171 2182 285 2234 tissimos
301 2180 473 2234 *barbarorum
494 2182 646 2234 constabat:
670 2182 751 2234 armis
772 2179 947 2246 abstinebant,
969 2179 1022 2234 nisi
1045 2183 1084 2234 la·
1145 2195 1146 2235 t

170 2251 275 2302 cessiti:
300 2250 426 2302 libertatis
446 2250 548 2302 modico
568 2259 593 2302 et
612 2250 717 2319 aequali
739 2266 786 2302 usu
808 2249 971 2319 principibus
991 2248 1084 2304 huml-

171 2318 248 2370 liores
260 2336 336 2387 pares
349 2320 473 2371 fecerant.
511 2320 564 2370 Hos
576 2319 689 2387 benigne
701 2319 837 2388 allocutus,
850 2319 884 2371 ad
897 2335 942 2371 eos
954 2319 1082 2388 Scythas,

169 2387 215 2456 qui
236 2389 369 2456 Europam
389 2388 524 2456 incolunt,⁷
542 2387 655 2440 Berdam
676 2388 809 2457 quendam
830 2388 901 2440 misit
919 2404 954 2440 ex
973 2389 1082 2458 amicis,
1143 2405 1144 2423 ¹

169 2457 214 2525 qui
239 2457 403 2510 denuntiaret
424 2456 476 2525 his,
501 2474 534 2510 ne
558 2457 678 2527 Tanaim,
699 2475 807 2510 amnem
832 2457 950 2525 regionis,
973 2456 1083 2526 injussu
1142 2491 1143 2518 r

169 2526 238 2594 regis
255 2527 401 2579 transirent.
438 2526 534 2580 Eidem
551 2527 714 2592 mandatum,
732 2536 759 2580 nt
775 2525 997 2594 contemplaretur
1008 2524 1083 2580 loco-
1141 2593 1142 2596 Ἴ

198 2631 205 2652 ¹
216 2625 361 2684 Equivalent
372 2636 397 2672 to
408 2627 585 2688 ingrediuntur,
599 2627 689 2673 ineunt.

196 2684 361 2744 ⁹Equivalent
377 2695 402 2732 to
417 2702 450 2740 ae,
468 2685 511 2732 but
528 2699 593 2732 more
613 2683 748 2742 emphatic;
774 2681 847 2741 ‘they
865 2679 1026 2737 themselves,
1047 2683 1082 2742 by
1140 2681 1141 2704 ¹

167 2743 247 2792 whom
260 2743 300 2792 the
312 2744 398 2792 wound
412 2743 457 2791 had
469 2745 529 2791 been
541 2741 663 2790 inflicted.’

101 2811 108 2830 '
195 2804 270 2851 “To
286 2804 360 2852 beer!
393 2803 469 2862 Many
485 2801 513 2850 os
527 2801 568 2849 the
588 2799 736 2860 compounds
752 2799 780 2847 of
793 2801 827 2847 ire
841 2797 902 2846 have
919 2799 1081 2848 otmnsitive
1138 2841 1139 2846 ,

167 2863 285 2921 meaning.
318 2863 364 2910 See
378 2860 547 2915 orantem,
562 2871 616 2908 note
630 2863 648 2907 1.
1138 2847 1139 2893 l

196 2919 424 2987 ‘llnousstionably
440 2919 480 2966 the
500 2919 598 2966 modern
616 2919 665 2986 city
681 2917 708 2964 of
723 2915 877 2986 Samarcend,
895 2914 1000 2963 situated
1022 2916 1081 2966 ine
1137 2929 1138 2987 y

166 2976 243 3025 fertile
262 2979 354 3026 district
370 2977 476 3026 watered
494 2978 527 3037 by
543 2977 584 3026 the
602 2993 664 3026 river
683 2977 853 3036 Polytrmetus‚
871 2991 898 3023 as
913 2973 955 3021 the
976 2973 1081 3026 Greeks

165 3036 279 3083 translate
290 3037 321 3084 its
332 3037 413 3084 native
425 3051 502 3084 name,
1136 3028 1137 3081 l

195 3102 203 3124 ¹
214 3094 255 3162 No
265 3094 340 3142 doubt
351 3094 386 3142 lor
397 3095 437 3142 the
450 3110 551 3162 purpose
562 3094 590 3141 of
597 3093 760 3200 inducinffiths
772 3093 919 3162 inhabitants
929 3091 958 3139 of
965 3090 1007 3140 the
1020 3109 1078 3142 sur·
1135 3125 1136 3174 ,

164 3153 282 3214 rcundrng
292 3165 394 3213 country
404 3153 548 3214 voluntenly
559 3164 584 3200 to
596 3153 679 3200 tendet
689 3162 698 3198 t
716 3168 752 3200 err
762 3155 915 3200 submission.

191 3219 200 3242 ⁸
211 3213 235 3260 Α
247 3212 357 3262 nomadic
369 3211 439 3280 tribe,
452 3213 506 3260 who
518 3228 581 3260 were
593 3211 714 3260 rechoned
727 3211 810 3270 hythe
823 3211 918 3279 Greeks
929 3223 1021 3270 among
1033 3211 1078 3260 the
1134 3199 1135 3269 l

164 3269 361 3354 Scythians‚,and
378 3287 401 3317 tn
417 3270 692 3342 whomtheythought
707 3270 766 3330 they
781 3269 922 3330 recogntsed
937 3267 979 3316 the
998 3273 1079 3332 ‘very
1133 3289 1134 3363 y

165 3333 304 3456 Jupffipssipp
316 3329 613 3454 rhlnlghlllvrhrlldavffellllle
624 3333 679 3436 6ond
690 3387 754 3457 ¹¹¹0)
759 3395 863 3443 exortes,
874 3385 920 3434 and
930 3383 995 3454 who,
1009 3385 1079 3438 from
1132 3369 1133 3455 l

163 3445 340 3554 pheblalserdee
350 3447 402 3494 that
413 3445 465 3493 that
476 3459 539 3492 uret
547 3461 597 3494 was
608 3403 649 3494 tlte
660 3447 751 3496 Tanais
762 3446 842 3504 (Dori),
853 3461 917 3494 were
927 3443 1080 3498 considered
1130 3463 1132 3551 p

173 3520 188 3553 o
215 3521 264 3553 ern
299 3520 380 3565 urope.
