2314 3886
142 235 198 290 tet
407 251 447 292 na
471 253 578 294 oasrrs
600 253 785 296 stratuum.

139 375 188 412 nos
199 353 321 413 receedus
332 359 431 414 habent
448 378 628 431 amoenosque
647 362 801 415 nemoribus
818 377 900 414 mann
918 359 1058 428 consitis?

139 429 281 508 praecipue
300 446 392 496 regnrn
408 439 627 501 satraparumque
647 431 706 484 volu
728 441 849 484 raserat.
886 431 1058 500 Spatiabatur

139 515 166 570 in
185 497 295 551 nemore
314 499 471 556 Parmenion
491 501 597 554 medius
616 501 682 552 inter
701 449 792 567 tluces,
811 500 907 567 quibus
927 509 982 552 erat
1004 501 1057 552 im·

140 576 261 636 peratum
283 569 376 622 litteris
401 570 478 639 regie,
499 580 528 622 ut
551 570 712 622 occiderent.
748 570 878 637 Agendae
902 581 995 622 autem
1018 569 1058 622 rei

140 637 330 690 constituerant
351 647 465 708 tempus,
490 657 553 692 cnm
574 639 732 692 Parmenion
755 657 772 690 a
796 638 987 708 Polydamante
1013 638 1058 690 lit·

141 715 211 758 teras
231 708 339 762 traditas
357 708 445 776 legere
465 709 605 778 coepisset.
642 709 802 777 Polydamas
823 709 912 776 procul
933 708 1056 776 veniens,

141 785 197 828 uta
210 776 384 832 Panneuione
396 788 555 847 conspectus
567 786 616 847 est,
630 778 705 831 vultu
717 777 834 830 laetitiae
847 778 967 847 speciem
980 795 1057 846 prae-

141 845 250 915 ferente,
263 847 297 898 ad
317 847 551 916 complectendum
570 863 633 900 eurn
652 847 782 916 cucurrit,
800 857 947 915 mutuaque
965 857 1056 914 gratu·

141 914 238 968 latione
257 915 348 986 iuncti,
367 915 528 986 Polydamas
542 917 683 987 epistolam
700 933 794 984 araga
814 917 939 986 scriptam
957 918 983 968 ei
1004 926 1056 968 tra-

141 983 215 1037 didit.
253 986 410 1038 Parmenion
429 986 566 1040 vinculum
584 986 711 1066 epistolae
728 985 841 1054 solvens,
860 987 988 1054 quidnam
1009 1003 1058 1039 rex

141 1055 252 1122 ageretl
277 1055 435 1124 requirebat.
471 1056 519 1110 Ille
542 1073 576 1110 ex
599 1074 607 1108 1
628 1056 666 1109 sis
689 1055 783 1109 litteris
806 1056 972 1124 cogniturum
992 1072 1057 1108 esee

142 1124 283 1193 respondit.
319 1125 422 1184 Quibus
437 1127 595 1178 Parmenion
610 1073 697 1195 lectis,
710 1126 775 1194 Rex,
795 1126 889 1194 inquit,
907 1124 1056 1193 expeditio-

142 1211 204 1246 nem
217 1203 290 1262 parat
308 1195 334 1247 in
353 1194 522 1248 Arachosios.
559 1194 698 1250 Strenuum
717 1193 855 1248 hominem
873 1204 900 1247 et
918 1211 1058 1262 nunqnam

142 1273 291 1320 cessantem
303 1263 322 1316 tt
356 1263 408 1318 Sed
422 1273 529 1334 tempus
540 1265 619 1318 saluti
631 1281 703 1335 snae,
718 1273 791 1317 tanta
801 1263 858 1334 jam
870 1274 943 1334 parta
960 1263 1055 1333 gloria,

142 1349 259 1400 parcere.
295 1333 415 1386 Alteram
432 1334 530 1388 deinde
548 1334 695 1403 epistolam,
709 1333 829 1387 Philotae
847 1334 953 1386 nomine
972 1333 1056 1402 scrip-

143 1412 198 1454 tam
211 1400 303 1470 laetus,
317 1402 386 1472 quod
400 1419 434 1456 ex
445 1403 520 1456 vultu
538 1403 621 1456 notari
640 1412 748 1474 poterat,
761 1403 877 1472 legebat.
914 1403 984 1456 Tum
995 1403 1057 1471 ejus

143 1469 213 1522 latus
231 1471 319 1538 gladio
342 1471 440 1524 haurit³
457 1471 594 1542 Cleander,
612 1472 712 1528 deinde
729 1471 852 1542 jugulum
870 1471 946 1541 serit,
971 1472 1058 1524 ceteri

143 1541 297 1594 exanimum
310 1558 417 1611 quoque
429 1541 589 1596 confodiunt.

178 1614 202 1662 9.
222 1611 256 1664 Et
274 1612 408 1680 armigeri,
420 1611 466 1681 qui
483 1611 517 1664 ad
535 1611 637 1666 aditum
655 1611 772 1668 nemoris
790 1611 936 1678 astiterant,
949 1613 1056 1678 cognita

143 1679 234 1748 caede,
248 1680 324 1749 cujus
344 1697 425 1734 causa
444 1681 617 1750 ignorabatur,
636 1681 663 1734 iu
682 1691 767 1734 castra
785 1681 949 1752 perveniunt,
969 1688 996 1732 et
1014 1688 1055 1732 tu-

143 1748 275 1802 multuoso
299 1751 389 1803 nuntio
412 1750 512 1804 milites
534 1750 673 1803 concitant.
710 1750 751 1804 llli
773 1751 869 1804 armati
891 1749 925 1802 ad
949 1766 1055 1818 nemus,

143 1818 169 1870 in
194 1835 246 1888 quo
269 1828 419 1890 perpetrata
441 1820 540 1874 caedes
563 1828 626 1888 erat,
648 1824 759 1874 coeunt:
786 1828 820 1889 et,
842 1819 871 1872 ni
894 1819 1056 1889 Polydamas

142 1889 277 1958 ceterique
289 1888 410 1959 ejusdem
422 1906 507 1944 noxae
519 1889 662 1960 participes
673 1889 810 1959 dedantur,
824 1905 930 1944 murum
941 1889 1055 1942 circum-

142 1957 235 2010 datum
258 1958 358 2012 nemori
381 1961 529 2012 eversuros⁴
547 1959 712 2028 denuntiant,
731 1959 904 2027 omniumque
925 1958 1055 2025 sanguine

142 2027 203 2080 duci
239 2031 438 2097 parentaturos.⁶
480 2028 611 2082 Cleander
639 2029 768 2098 primores
796 2044 887 2082 eorum
916 2027 1056 2080 intromitti

144 2096 228 2176 jubet,
250 2096 403 2166 litterasque
425 2098 496 2166 regis
518 2099 630 2168 scriptas
652 2097 688 2152 ad
710 2098 810 2152 milites
833 2097 932 2167 recitat,
957 2096 1057 2166 quibus

142 2166 253 2218 msidiae
272 2167 453 2220 Parmenionis
472 2167 500 2220 in
521 2184 620 2238 regem,
640 2183 794 2238 precesque,
813 2177 843 2220 ut
863 2168 951 2236 ipsum
968 2166 1055 2218 vindi-

141 2244 240 2303 carent,
264 2235 474 2289 continebantur.
510 2236 592 2304 Igitur
614 2237 720 2305 cognita
749 2237 819 2306 regie
844 2237 977 2290 voluntate
1000 2240 1054 2289 rion

141 2304 251 2372 quidem
263 2305 416 2372 indignatio,
429 2303 477 2358 sed
490 2313 579 2358 tamen
592 2306 687 2360 seditio
699 2323 851 2376 compressa
863 2316 912 2358 est.
939 2304 1057 2374 Dilapsis

140 2371 261 2442 pluribus
283 2374 362 2442 pauci
386 2384 576 2443 remanserunt,
595 2377 649 2444 qui,
670 2376 767 2430 saltem
790 2384 820 2430 ut
846 2391 940 2445 corpus
967 2375 1055 2443 ipsius

141 2442 254 2510 sepelire
283 2443 473 2513 permitterent,
497 2443 682 2514 precabantur·
724 2445 775 2498 Diu
799 2444 825 2497 id
850 2453 976 2512 negatum
1000 2454 1052 2513 est,

140 2511 261 2564 Cleandri
285 2521 368 2582 metu,
393 2525 427 2565 ne
450 2511 598 2568 offenderet
622 2531 722 2582 regern.
765 2514 931 2567 Pertinacius
954 2513 1054 2566 deinde

139 2582 316 2652 precantibus,
337 2582 476 2636 materiem
496 2583 722 2636 consternationis⁵
740 2581 948 2636 subtrahendam
968 2593 1051 2654 ratus,

138 2653 226 2720 capite
245 2652 334 2706 deciso
352 2660 474 2706 truncum
497 2651 608 2706 humare
631 2653 760 2722 permisit.
795 2652 838 2706 Ad
862 2669 952 2720 regem
972 2667 1056 2722 caput

139 2724 251 2776 missurn
270 2731 320 2776 est.
356 2722 410 2776 Hic
428 2721 516 2776 exitus
534 2722 716 2776 Parmenionis
727 2722 785 2791 itiit,
799 2721 911 2776 militiae
924 2722 1053 2792 domique

167 2859 174 2880 ¹
188 2858 194 2879 ⁴
204 2853 259 2901 The
271 2862 380 2912 quarters
388 2852 533 2912 (dwellings)
542 2852 566 2900 in
575 2852 627 2901 that
637 2861 738 2912 country
748 2851 847 2908 (Media)
854 2852 916 2920 haye
925 2853 1055 2920 extensive

138 2925 246 2960 recesses
266 2913 355 2971 (places
371 2912 398 2960 of
415 2912 563 2966 retirement)
580 2912 661 2959 which
681 2927 721 2960 are
740 2911 844 2959 adorned
864 2912 922 2958 with
942 2912 1056 2962 artificial

137 2972 248 3039 grovesss,
274 2973 392 3019 Amoenus
401 2971 424 3040 is
435 2971 527 3030 always
538 2970 632 3029 applied
644 2981 669 3018 to
685 2970 778 3019 natural
794 2970 901 3038 beauty;
920 2971 965 3017 and
982 2971 1053 3028 here,

137 3029 230 3089 though
242 3038 259 3076 rt
271 3046 321 3078 was
333 3045 388 3077 man
400 3029 485 3078 indeed
497 3030 552 3077 who
569 3029 667 3135 planted
678 3030 719 3077 the
735 3045 831 3090 groves,
844 3029 895 3078 still
911 3029 941 3077 he
959 3031 1057 3092 merely

137 3088 225 3136 caused
237 3099 321 3136 nature
332 3098 357 3136 to
368 3098 406 3136 not
417 3089 441 3136 in
452 3104 466 3136 a
493 3089 568 3137 articu
578 3104 604 3135 ar
612 3088 736 3136 direction.

164 3147 233 3196 'For
244 3148 285 3194 the
296 3147 450 3208 explanation
460 3104 491 3195 oi
501 3147 548 3195 this
560 3147 707 3204 accusative,
720 3161 762 3195 see
776 3147 855 3196 eram.
867 3148 881 3200 l
892 3151 944 3196 258.

136 3264 153 3313 h
165 3211 175 3236 ³
186 3206 316 3314 ιΡίὥτοεε)
350 3205 405 3254 The
417 3207 484 3254 word
500 3206 595 3266 implies
611 3206 734 3268 thrusting
750 3207 773 3254 in
790 3206 831 3254 the
847 3207 928 3256 swerd
938 3223 965 3254 as
976 3205 1014 3256 sar
1025 3223 1055 3257 as

154 3282 224 3314 econ
254 3303 259 3312 .

166 3330 175 3353 ⁴
185 3325 279 3384 Supply
289 3341 323 3379 se,
336 3337 420 3383 every
431 3339 543 3371 common
553 3323 669 3376 omission
681 3324 740 3373 with
752 3339 796 3374 our
807 3326 901 3375 author.

166 3382 410 3437 Ῥανεητανεαῐίειιί,
426 3385 465 3428 ‘to
481 3382 553 3429 malte
570 3398 601 3430 an
616 3383 717 3446 offering
736 3395 761 3432 to
777 3384 818 3432 the
834 3384 914 3442 dead,'
932 3385 992 3434 theu
1011 3390 1058 3436 ‘to

137 3457 197 3489 aren
216 3459 229 3490 e
241 3442 283 3490 the
295 3440 367 3489 death
379 3439 407 3488 os
414 3455 428 3488 a
438 3441 543 3498 persom’

167 3505 176 3530 ⁸
212 3500 335 3562 quinalent
347 3509 372 3548 to
383 3500 510 3554 tumultur,
523 3507 633 3561 stronger
645 3501 702 3549 than
713 3503 845 3550 seditionis.
