2410 3890
162 204 218 260 112
426 219 465 259 nx
489 217 593 258 cusiis
614 217 797 260 inaxiuom.

159 327 256 381 locum.
292 327 385 396 Itaque
397 327 581 395 suppliciorum
594 342 699 394 quoque
717 334 790 378 metu
810 324 922 394 perculsi
942 323 976 377 ad
995 323 1066 394 Sisy·

137 396 285 465 'gambim,
307 395 385 450 Darei
404 405 524 464 matrem,
546 396 648 449 occulto
672 395 765 446 itinere
786 394 871 462 ignoto
891 411 925 445 ue
946 392 1066 454 hostibus

160 466 267 519 mittunt
285 465 330 533 qui
348 472 474 534 peterent,
494 475 523 517 ut
540 465 598 533 ipsa
616 481 706 531 regem
724 463 864 530 mitigaret,
903 462 954 514 aud
974 462 1064 530 ignari,

161 535 277 604 parentis
297 551 357 587 earn
377 534 434 586 loco
453 532 527 602 diligi
547 534 660 602 colique.
697 532 731 584 Et
750 531 875 584 Medates
895 532 987 584 sororis
1008 531 1067 600 ejus

160 603 244 656 filiam
262 618 355 656 secum
375 603 541 656 matrimonio
559 602 687 671 junxerat,
707 600 822 654 Dareum
843 601 989 670 propinqua
1006 618 1066 668 cog-

160 673 265 725 natione
294 672 455 740 contingens.
492 673 542 725 Diu
572 669 735 740 Sisygambis
763 670 912 790 supplicum
942 669 1065 738 precibus

161 743 323 810 repugnavit,
340 742 467 812 abnuens,
481 740 694 810 deprecationem
714 755 759 807 pro
777 738 795 790 il
807 739 830 790 is
848 740 909 790 non¹
926 738 1066 791 convenire

161 810 288 880 fortunae,
307 811 333 864 in
350 828 404 880 qua
421 820 505 864 esset:
525 809 676 879 adjicitque,
694 817 815 860 metuere
833 825 900 876 sese,
914 825 947 860 ne
960 807 1066 860 victoris

161 879 352 948 indulgentiam
364 879 493 949 fatigaret,
506 879 665 946 saepiusque
679 877 799 956 cogitare,
809 877 943 946 captivam
955 894 1013 930 esse
1025 893 1062 946 se,

161 966 242 1018 quam
255 951 372 1017 reginam
385 948 476 1003 luisse.
511 945 554 1001 Ad
567 947 768 1000 ultimumvicta
779 945 873 1000 litteris
885 946 1066 1001 Alexandrum

162 1019 199 1070 ita
218 1019 360 1086 deprecata
379 1027 434 1072 est:
459 1025 488 1070 ut
507 1017 593 1086 ipsam
612 1023 757 1084 excusaret,
778 1015 847 1084 quod
867 1015 1065 1085 deprecaretur:

161 1097 250 1157 petere
263 1104 300 1155 se,
314 1097 342 1140 ut
353 1086 405 1138 illis
416 1097 520 1156 quoque
528 1103 536 1155 3
555 1085 577 1138 si
595 1085 703 1150 minus?
715 1085 764 1138 sibi
777 1085 938 1152 ignosceret:
958 1101 1003 1154 pro
1021 1100 1066 1136 ne·

163 1156 288 1210 cessario³
298 1173 331 1208 ac
343 1155 485 1224 propinquo
501 1172 555 1224 suo,
571 1153 627 1224 jam
645 1171 696 1206 non
713 1153 796 1222 hoste,
811 1153 857 1206 sed
870 1153 998 1222 supplice,
1012 1164 1066 1205 tan-

161 1233 218 1278 tum
243 1225 325 1278 vitam
351 1225 461 1293 precari.
504 1223 714 1278 Moderationem
740 1223 963 1291 clementiamque
989 1221 1065 1291 regis,

179 1311 229 1346 uae
246 1303 307 1346 tunc
322 1293 380 1363 luit,
393 1293 447 1346 vel⁴
457 1310 510 1346 una
521 1293 589 1346 haec
609 1309 650 1346 res
667 1292 748 1361 possit
765 1291 919 1344 ostendere:
939 1309 988 1344 non
1006 1292 1067 1346 Ma·

161 1311 216 1416 deti
229 1361 305 1416 modo
319 1363 423 1431 ignovit,
437 1362 484 1415 sed
500 1379 593 1416 omnes
610 1369 636 1413 et
654 1361 757 1414 deditos
773 1369 799 1413 et
816 1361 934 1430 captivos
945 1360 1067 1414 libertate

161 1441 240 1501 atque
263 1431 432 1486 immunitate
455 1432 569 1502 donavit,
590 1430 682 1484 urbem
708 1429 816 1499 reliquit,
836 1430 969 1498 intactam,
992 1445 1068 1497 agros

162 1501 218 1552 sine
237 1500 333 1554 tributo
351 1501 436 1554 colere
454 1499 582 1572 permisit.
618 1501 643 1554 A
661 1500 760 1552 victore
783 1500 868 1552 Dareo
888 1499 963 1568 plura
982 1507 1065 1552 mater

162 1586 212 1622 non
226 1569 400 1638 impetrasset.

199 1643 237 1692 12.
256 1639 384 1692 Uxiorum
402 1639 463 1692 dein
480 1646 590 1708 gentem
607 1636 745 1690 subactam
763 1637 931 1691 Susianorum
947 1645 1066 1706 satrapae

161 1707 316 1760 contribuit:
341 1708 485 1777 divisisque
508 1725 571 1760 cum
595 1705 767 1759 Parmenione
790 1707 880 1776 copiis,
902 1706 976 1759 illum
996 1722 1066 1758 oam-

161 1778 241 1855 pestri
265 1777 357 1829 itinere
380 1777 522 1846 procedere
545 1775 635 1845 jubet,
659 1775 714 1844 ipse
735 1792 798 1828 oum
818 1775 940 1846 expedito
960 1776 1067 1842 agmine

160 1863 254 1916 Jugum
271 1847 401 1900 montium
417 1847 496 1916 cepit,
509 1861 620 1915 quorum
639 1853 796 1914 perpetuum
813 1845 919 1898 dorsum
938 1845 963 1896 in
982 1844 1065 1896 Persi-

161 1915 223 1968 dem
244 1915 367 1969 excurrit.
403 1915 481 1970 Omni
498 1915 549 1970 hac
566 1915 672 1982 regione
690 1915 812 1983 vastata,⁶
830 1913 904 1966 tertio
921 1913 965 1968 die
983 1911 1066 1966 Persi-

161 1983 231 2050 dem,
248 1985 337 2054 quinto
355 1985 497 2054 angustias,
514 2000 581 2054 quas
599 1983 637 2036 illi
656 1983 763 2037 Susidas
781 1982 856 2052 pylas
868 1990 969 2051 vocarit,
982 1982 1066 2034 intrat.

161 2054 352 2108 Ariobarzanes
375 2052 424 2108 lias
446 2071 507 2107 curn
530 2053 601 2108 XXV
620 2051 736 2106 milibus.
746 2052 869 2154 peditum
892 2059 1067 2120 occupaverat

161 2139 246 2244 rupes,
265 2123 382 2174 abscisas
401 2132 428 2177 et
448 2122 565 2246 undique
585 2129 745 2242 praeruptas,
776 2121 803 2174 in
820 2137 931 2190 quarum
950 2119 1064 2172 cacumi·

164 2192 190 2242 ni
212 2207 243 2242 us
255 2199 328 2244 extra
345 2191 391 2244 teli
411 2191 508 2244 'actum
539 2191 624 2246 arbeti
636 2197 677 2242 sta
696 2198 748 2258 ant,
762 2190 795 2242 de
808 2189 934 2243 industria
945 2189 1028 2257 quieti
1040 2195 1067 2240 et

161 2258 319 2328 paventibus
342 2209 452 2328 similes,
473 2259 558 2312 donec
580 2260 607 2312 iri
630 2257 775 2312 artissimas
794 2258 886 2311 fauces
906 2257 1065 2327 penetraret⁷

160 2344 266 2396 agmen.
308 2327 384 2386 Quod
400 2328 448 2388 ubi
465 2336 618 2396 contemptu
636 2328 677 2380 sui
695 2344 804 2396 pergere
822 2327 921 2396 vident,
935 2335 990 2380 tum
1004 2342 1065 2378 vero

161 2396 275 2464 ingeritis
298 2397 486 2464 magnitudinis
506 2413 570 2449 saxa
589 2413 636 2464 per
657 2397 783 2449 montium
804 2397 894 2466 prona⁸
914 2395 1063 2463 devolvunt,

161 2482 231 2534 quae
250 2466 356 2518 incussa
374 2468 482 2536 saepius
500 2465 699 2535 subjacentibus
717 2466 798 2534 petris
816 2465 915 2520 ma'ore
927 2466 953 2518 vi
968 2463 1065 2518 incide·

161 2534 233 2602 baut,
254 2551 304 2594 riec
323 2535 439 2604 singulos
457 2535 542 2603 niodo,
556 2534 612 2586 sed
632 2533 738 2602 agmina
757 2483 932 2604 proterebant.
969 2532 1067 2587 Fundis

161 2620 266 2674 quoque
289 2605 393 2658 excussi
419 2605 522 2676 lapides
535 2609 571 2657 ‘et
594 2603 707 2672 sagittae
730 2601 845 2672 undique
868 2603 1063 2672 ingerebantur.

192 2746 198 2768 ¹
210 2741 248 2788 As
258 2743 358 2788 abiicere
368 2739 388 2788 is
399 2737 536 2798 equivalent
547 2747 572 2784 to
582 2755 676 2806 negare,
690 2737 738 2786 this
752 2755 800 2786 noa
814 2737 836 2786 is
847 2738 1007 2802 superfluous,
1020 2737 1065 2786 and

92 2857 94 2866 ’
163 2795 814 2927 ⁰¹¹3ffl,}’,2‘',lffil,rffilgg,0,ffiggffigffffinwo„
830 2855 1064 2916 eeszumpcirsi.

192 2920 201 2944 ⁸
213 2915 251 2983 ‘ii
262 2915 338 2983 friend
345 2915 362 2973 ς’
379 2930 523 2964 samsurici
534 2929 660 2982 expresses
671 2929 701 2962 an
711 2925 826 2983 intimacy
836 2916 1023 3022 bl⁰¹¹ff¹¹i⁸b⁰l¹i
1036 2916 1066 2975 by

163 2973 318 3032 relationsliip
334 2973 380 3022 and
395 2972 452 3035 long
466 2982 645 3032 acquaintance,
661 2973 707 3022 and
723 2989 743 3021 is
759 2989 784 3022 ιιι
799 2989 827 3021 so
842 2973 877 3022 ssr
907 2973 1066 3034 rstinguished

163 3031 225 3100 from
239 3035 326 3099 quibui
344 3040 366 3087 (a
381 3031 457 3080 friend
472 3031 500 3080 of
512 3029 594 3078 choica
609 3031 656 3078 and
671 3031 799 3088 affection),
812 3032 859 3080 end
867 3034 1001 3094 familiaris
1013 3042 1065 3087 (orie

163 3089 220 3177 nvp,
247 3105 273 3136 in
283 3090 324 3170 tiqe
335 3105 401 3140 same
412 3090 506 3144 house.)

193 3215 201 3239 ¹
212 3163 339 3255 Novddiibt
349 3207 452 3280 because
464 3207 505 3256 the
516 3206 693 3280 mountaiueers
704 3205 785 3255 would
797 3217 838 3256 not
849 3210 940 3258 submit

191 3271 201 3296 ⁸
213 3272 219 3292 ⁴
229 3264 342 3321 Isolated,
355 3265 402 3312 aud
411 3276 479 3325 steep
490 3281 521 3314 on
532 3265 564 3314 cll
574 3264 655 3314 sides!

192 3325 266 3372 'The
277 3323 462 3392 subjunctivae
475 3325 534 3393 used
550 3325 682 3392 coemisti
693 3339 820 3393 expresses
830 3325 872 3375 the
883 3329 962 3387 object
974 3342 1001 3375 or
1010 3341 1063 3386 pur·

163 3381 828 3506 willibrodrhdillgridnu'ibll'lglibllrlilytlilrflridnnldagpsdollii.
845 3443 893 3495 See
903 3445 982 3496 em
992 3443 1005 3497 i
1014 3447 1064 3494 316.
