2314 3886
142 257 198 312 166
406 273 445 312 uu
469 273 574 314 essars
596 275 779 315 suuxrrruru.

140 397 235 450 aspera
257 380 285 434 in
307 381 439 436 Philotam
460 384 576 436 oratione
596 384 755 438 commovit:
780 383 895 466 proditos
917 397 963 434 eos
986 397 1052 434 esse

141 449 273 503 barbaris:
298 451 431 504 neminem
456 451 490 505 ad
514 453 654 522 conjugem
675 469 759 521 suam,
779 470 804 506 rn
825 451 944 522 patriam,
965 449 1052 503 etad

141 527 263 590 parentes
285 518 368 573 fuisse
392 519 550 575 rediturum:
581 522 653 575 velut
677 531 798 575 truncum
821 539 915 590 corpus
938 519 1052 588 dempto

141 589 236 658 capite,
260 589 317 642 sina
340 590 438 659 spiritu,
463 589 519 644 sine
542 592 657 660 nornine,
681 591 769 643 aliena
792 593 878 657 terra,¹
903 589 1051 643 ludibrium

121 658 225 709 'hostis
241 656 349 711 futuros.
385 659 596 730 Haudquaquam
610 677 714 729 prospe
727 661 808 729 ipsius
819 663 953 730 Amyntae
964 655 1051 709 oratio

142 737 214 794 grata
237 729 292 796 regi
315 727 372 798 luit,
397 729 467 798 quod
496 729 647 798 conjugum,
673 729 742 799 quod
771 730 871 798 patriae
900 727 1051 781 admonitos

142 797 267 865 pigriores
278 797 312 850 ad
324 807 413 851 cetera
425 799 515 850 munia
527 798 683 868 exequenda
696 799 823 851 lecisset.²

177 869 218 918 36.
236 867 312 920 Tunc
330 867 442 936 Coenus,
461 884 622 936 quamquam
645 867 763 920 Philotae
782 883 896 920 sororem
914 865 1052 920 matrimo-

144 935 231 988 mouio
248 953 342 990 secum
356 935 535 1006 conjunxerat,
550 946 639 990 tamen
657 937 744 989 acrius
762 954 841 1006 quam
861 937 1001 1005 quisquam
1021 933 1050 986 in

144 1004 274 1058 Philotam
292 1005 412 1057 invectus
430 1013 477 1074 est,
497 1005 654 1074 parricidam
673 1023 733 1058 esse
751 1006 829 1074 regis,
848 1006 955 1075 patriae,
974 1020 1052 1058 exer·

143 1074 219 1144 citus,
238 1074 391 1128 clamitans:
411 1091 565 1144 saxumque,
584 1075 653 1143 quod
672 1075 737 1126 sorte
755 1084 816 1127 ante
835 1075 918 1144 pedes
934 1073 1050 1143 jacebat,

142 1144 256 1213 arripuit,
269 1144 415 1198 emissurus
432 1143 458 1196 in
477 1161 555 1212 eum,
573 1153 601 1196 ut
617 1144 735 1213 plerique
754 1145 899 1212 credidere,
914 1141 1053 1194 tormentis

143 1212 296 1266 subtrahere
314 1213 432 1281 cupiens.
468 1213 519 1266 Sed
539 1231 585 1266 rex
602 1231 709 1266 manum
729 1213 788 1282 ejus
805 1213 926 1281 inhibuit,
942 1210 1051 1264 dicendi

143 1283 213 1349 prius
224 1281 453 1335 causam³debere
471 1281 528 1335 fieri
582 1292 705 1335 testatem
718 1299 769 1351 reo,
783 1299 833 1335 nec
845 1282 924 1334 aliter
935 1280 1052 1352 judicari

144 1351 284 1403 Passurum
309 1367 346 1419 se,
369 1350 514 1404 affirmans.
573 1369 618 1404 um
642 1353 730 1404 dicere
754 1369 828 1406 orsus
850 1351 972 1418 Philotas,
993 1351 1053 1402 sire

143 1417 304 1472 conscientia
316 1420 416 1488 scleris,
430 1419 487 1473 sire
534 1419 606 1473 riculi
624 1421 814 1488 magnitudine,
828 1438 922 1473 amens
939 1430 966 1472 et
983 1429 1052 1471 atto-

143 1489 220 1557 nitus,
238 1505 290 1540 non
307 1487 427 1541 attollere
444 1437 540 1558 occidi,
560 1506 611 1542 non
630 1489 743 1542 hiscere⁴
760 1490 884 1557 audebat,
922 1487 1054 1542 Lacrimis

142 1556 239 1610 deinde
262 1557 438 1625 manantibus,
459 1557 593 1627 linquente
613 1560 721 1626 animc,⁵
739 1559 763 1611 in
783 1577 853 1626 eum,
873 1577 889 1610 a
906 1576 958 1628 quo
978 1569 1052 1610 tene·

144 1627 228 1696 batur,
247 1627 381 1680 incubuit:
403 1625 582 1697 abstersisque
600 1628 714 1680 amiculo
732 1627 791 1697 ejus
809 1627 900 1696 oculis,
919 1625 1051 1696 paulatim

144 1697 272 1764 recipiens
296 1697 414 1766 spiritum
440 1713 472 1748 ac
496 1713 597 1765 vocem,
618 1697 735 1750 dicturus
754 1697 900 1750 videbatur.
936 1697 1052 1764 Jamque

143 1781 196 1834 rex,
209 1766 314 1818 intuens
325 1782 396 1834 eum,
410 1765 581 1832 Macedones,
602 1766 692 1835 inquit,
712 1767 746 1818 de
765 1776 790 1818 te
809 1765 949 1836 judicaturi
967 1773 1046 1818 sunt:

142 1850 246 1904 quaero,
265 1851 298 1888 an
317 1836 400 1905 patrio
418 1851 538 1888 sermone
557 1836 593 1886 sis
609 1836 678 1904 apud
699 1852 744 1892 eos
763 1853 864 1890 usurus.
901 1837 968 1888 Tum
989 1834 1061 1888 Pur:

143 1903 215 1984 lotas,
247 1904 355 1957 Praeter
383 1904 565 1972 Macedonem
588 1904 680 1973 inquit,
706 1906 824 1974 plerique
854 1906 958 1971 adsunt,
983 1921 1053 1972 quos

143 1972 247 2026 sacilrus
271 1991 339 2044 quae
363 1973 452 2028 dicam
475 1986 644 2042 percepturos
663 1974 779 2041 arbitror,
802 1975 822 2026 si
844 1975 940 2027 eadem
960 1971 1052 2040 lingua

142 2041 215 2093 fuero
232 2061 303 2111 usus,
316 2061 369 2114 qua
382 2051 409 2095 tu
423 2042 498 2110 egisti
521 2060 571 2094 nun
590 2044 624 2096 ob
641 2043 721 2112 aliud,
735 2042 820 2102 credo,
834 2061 913 2111 quarn
929 2052 955 2095 ut
968 2043 1052 2094 oratio

144 2117 187 2163 tua
208 2112 318 2180 intelligi
337 2119 431 2181 posset,
445 2129 461 2162 a
481 2083 608 2181 pluribus.
645 2113 713 2164 Turn
735 2128 786 2179 rer,
813 2113 923 2181 Ecquid⁷
943 2111 1050 2179 videtis,

142 2181 208 2232 adeo
227 2181 307 2234 etiarn
325 2179 454 2234 sermonis
472 2180 550 2250 patrii
568 2180 699 2233 Philotam
719 2181 845 2234 taederel
865 2181 935 2234 selus
950 2181 1051 2249 quippe

143 2249 243 2306 fastidit
261 2267 325 2302 eum
342 2249 453 2302 discere.
489 2250 539 2302 Sed
552 2249 624 2302 dicat
637 2267 709 2319 sane,
723 2260 857 2320 utcunque
870 2252 894 2302 ei
907 2249 977 2304 cordi
990 2252 1053 2318 est,⁸

142 2319 205 2369 dum
224 2317 420 2388 memineritis,⁹
437 2335 523 2388 aeque
541 2317 615 2371 illum
634 2337 650 2370 a
668 2329 754 2372 nostro
772 2335 853 2388 more,
873 2335 953 2389 quam
967 2337 1051 2372 aser-

141 2403 220 2438 mone
232 2386 381 2439 abhorrere.
416 2388 451 2439 At
471 2404 505 2439 ua
518 2388 554 2438 ita
566 2389 687 2440 contione
700 2389 824 2441 excessit.

177 2460 217 2506 37.
236 2457 306 2509 Tum
324 2455 450 2524 Philotas,
491 2455 561 2525 erba,
578 2457 669 2527 inquit,
688 2457 820 2511 innocenti
838 2459 951 2527 reperire
970 2457 1051 2510 sacile

142 2537 189 2592 est,
209 2525 316 2578 modum
333 2525 471 2578 verborum
491 2527 588 2578 misero
606 2537 696 2579 tenere
715 2527 834 2580 difficile.
871 2529 962 2596 ltaque
981 2528 1051 2578 inter

141 2597 269 2663 optimam
280 2595 469 2650 conscientiam
481 2605 507 2648 et
520 2596 713 2664 iniquissimam
733 2597 862 2650 fortunam
876 2597 1052 2664 destitutus,¹⁰

142 2666 229 2732 ignoro
246 2665 378 2734 quomodo
395 2674 422 2718 et
440 2665 528 2718 animo
547 2683 614 2734 meo,
634 2673 661 2717 et
681 2667 791 2734 tempori
812 2683 928 2734 paream.
964 2667 1051 2718 Abest

141 2735 249 2802 quidam
266 2734 383 2805 optimus
400 2751 497 2788 causas
516 2752 593 2788 meae
610 2734 700 2804 judex,
713 2734 759 2803 qui
771 2751 818 2788 cur
830 2752 874 2788 me
887 2735 943 2805 ipse
956 2735 1051 2787 audire

170 2867 176 2888 ¹
190 2861 233 2907 ‘In
244 2875 258 2909 a
268 2861 359 2924 foreign
370 2862 454 2911 land.''
476 2861 595 2921 Compare
606 2863 637 2910 iv.
650 2865 671 2909 ti.

169 2923 179 2950 '¹
189 2917 243 2967 The
252 2921 404 2980 subjunctive
413 2921 498 2969 makes
510 2921 550 2968 the
562 2937 633 2968 sense
644 2931 670 2968 to
682 2922 710 2966 be
722 2923 783 2980 qaod
790 2923 887 2982 putabat
897 2922 1051 2982 cumsrcirae.

169 2982 177 3005 ³
189 2977 242 3025 The
252 2994 317 3026 more
327 2979 396 3027 usual
405 2980 569 3028 construction
577 2980 597 3028 is
605 2997 690 3028 cautae
696 2981 811 3028 dicendae.
830 2979 876 3027 See
886 2979 965 3028 Grum.
974 2979 1051 3030 §392

169 3041 177 3063 ⁴
191 3036 244 3084 ‘'l'o
255 3052 316 3096 open
327 3038 364 3086 his
376 3039 477 3087 mouth’

140 3095 217 3200 anfiln
236 3095 284 3143 this
304 3096 391 3157 phrase
403 3099 513 3158 ,linquere
527 3097 563 3145 lor
578 3099 710 3157 relinquere
727 3097 748 3145 is
766 3112 887 3154 common,
904 3097 956 3147 also
971 3099 1055 3159 linqui

173 3171 225 3200 imo·

167 3217 176 3241 ⁸
188 3212 226 3260 As
237 3221 261 3280 to
271 3212 320 3260 this
330 3211 400 3268 form,
412 3228 453 3261 see
467 3214 546 3262 Grum.
558 3215 619 3272 blo,
632 3219 653 3264 7.

169 3270 464 3376 “lilqprvalsnttorrorraa
539 3333 544 3342 ·
580 3332 612 3342 Η
658 3334 664 3355 ἱ

168 3328 966 3455 lrrltllt::lltltlrztltdrmta{histilia

139 3445 344 3554 adhibeam?
357 3446 475 3508 iruplyiug
485 3448 536 3496 that
551 3427 613 3498 heis
624 3452 696 3512 giren
712 3405 811 3509 uppidto
825 3427 874 3499 the,
883 3428 999 3500 haudsbd
1010 3451 1055 3504 hirs
