2314 3886
136 255 195 310 2⁰⁰
407 269 445 308 uu
467 239 574 310 essars
595 271 779 312 susurnam.

136 387 192 432 tare
210 377 376 447 respondent,
396 379 552 448 equitesque
571 379 679 431 tendere
697 389 771 432 extra
789 378 957 431 munimenta
975 379 1058 432 urbis

136 448 246 516 jubent:
277 447 440 515 hospitaliter
465 448 561 499 deinde
588 461 712 518 exceptos
738 465 884 515 gravesque
911 447 1001 515 epulis
1027 459 1057 501 et

62 516 63 519 ’
137 533 230 568 somno
259 515 418 584 intempesta
447 528 521 568 nocte
552 517 635 569 adorti
664 519 857 568 interfecerunt.
894 517 1056 578 Alexander

137 585 205 637 haud
229 601 313 653 secus,
336 603 416 653 quam
438 604 484 654 par
505 597 568 653 erat,
591 597 684 652 ructus,
707 587 800 637 urbem
820 602 913 636 corona
934 587 1054 638 circum-

137 653 217 722 dedit,
228 655 403 722 munitiorem,
415 673 494 724 quam
505 665 532 706 ut
547 657 628 722 primu
642 656 742 721 impetu
755 655 813 722 capi
827 665 920 722 posset.
954 655 1056 724 ltaque

137 723 303 790 Meleagrum
323 733 349 776 et
368 725 522 777 Perdiccam
542 725 567 776 in
589 723 752 776 obsidionem
774 725 866 792 Jungit.
886 725 1053 794 Cyropolim,

138 800 166 844 nt
186 803 247 844 aute
268 793 369 846 dictum
394 797 453 861 est,¹
478 793 638 846 obsidentes.
675 793 804 844 Statuerat
824 803 914 844 autem
935 809 1055 860 parcere

137 861 196 916 urbi
216 862 339 915 conditae
362 881 378 914 a
398 863 472 931 Cyro,
495 863 592 930 quippe
617 879 665 913 non
690 861 772 914 alium
796 863 915 928 gentium
940 863 1053 918 illarum

137 933 223 999 magis
234 932 380 984 admiratus
392 941 439 997 est,
453 949 533 1001 qnam
553 932 622 983 hunc
640 947 731 998 regem
750 941 775 984 et
788 931 966 998 semiramim,
980 948 1055 998 quos

137 1010 164 1053 et
187 1003 370 1069 magnitudino
394 1003 474 1052 animi
500 1009 526 1052 et
550 1001 668 1052 claritate
692 1017 779 1052 rerum
802 1001 879 1066 longe
900 999 1054 1052 emicuisse

137 1071 271 1122 credebat.
308 1071 431 1122 Ceterum
456 1070 601 1138 pertinacia
624 1069 812 1138 oppidanorum
836 1071 900 1119 iram
922 1067 983 1136 ejus
1005 1087 1053 1122 ac-

137 1140 235 1192 cendit.
273 1139 365 1206 ltaque
384 1147 489 1206 captam
506 1139 600 1190 urbem
619 1138 693 1206 diripi
711 1138 789 1205 jussit
805 1148 831 1189 et
844 1137 936 1188 deleri.
974 1139 1053 1191 Tum

137 1209 305 1260 Memacenis
315 1208 384 1259 haud
396 1209 489 1277 injuria
500 1207 610 1259 infestus
622 1207 655 1258 ad
668 1209 837 1274 Meleagrum
849 1217 875 1257 et
889 1206 1052 1262 Perdiccam

137 1277 212 1328 redit.
249 1277 300 1329 Sed
310 1293 369 1327 'non
388 1278 439 1327 alia
456 1278 518 1328 urbs
531 1276 622 1328 lortius
634 1277 796 1328 obsidionem
810 1275 885 1326 tulit:
905 1275 1008 1344 quippe
1023 1287 1052 1330 et

136 1346 252 1398 militnm
264 1345 451 1413 promptissimi
467 1345 595 1410 cecidere,
610 1355 636 1396 et
655 1347 710 1413 ipse
731 1362 776 1397 rex
790 1345 823 1396 ad
838 1344 961 1396 ultimum
976 1347 1051 1412 peri·

137 1414 226 1466 culum
241 1413 321 1464 venit.
351 1415 475 1481 Namque
488 1415 588 1466 cervix²
600 1416 658 1482 ejus
670 1431 733 1465 saxu
746 1415 782 1464 ita
796 1415 846 1465 icta
859 1423 905 1481 est,
920 1423 947 1464 ut
961 1415 1053 1467 oculis

136 1482 250 1549 caligine
263 1483 348 1534 offusa
360 1483 541 1550 collaberetur,
556 1501 588 1534 ne
601 1484 697 1534 mentis
710 1482 817 1550 quidem
830 1487 952 1550 compos,
969 1499 1051 1536 exer-

136 1551 206 1602 citus
218 1561 289 1604 certe
303 1553 373 1603 velut
392 1563 481 1620 erepto
499 1569 530 1602 co
549 1551 687 1617 ingemuit.
724 1552 773 1603 Sed
788 1552 902 1604 invictus
914 1553 1051 1605 adversus

135 1637 175 1690 ea,
194 1637 263 1688 qnae
284 1631 386 1672 ceteros
405 1631 508 1687 terrant,
529 1622 642 1672 nondum
664 1631 802 1688 percurato
819 1621 935 1690 ¹uulnere,
955 1622 1051 1674 acrius

135 1690 263 1742 obsidioni
277 1691 378 1758 institit,
393 1691 537 1743 naturalem
552 1691 715 1742 celeritatem
729 1691 764 1740 ira
777 1691 932 1740 concitante.
965 1690 1050 1742 Cuni-

135 1759 195 1810 culo
208 1775 269 1826 ergo
282 1759 394 1811 suffossa
406 1761 510 1811 moenia
523 1761 615 1825 ingens
629 1759 763 1810 nudavere
776 1759 898 1828 spatium,
912 1775 960 1826 per
972 1760 1050 1826 quod

136 1828 233 1896 irrupit,
248 1829 381 1896 victorque
394 1829 485 1880 urbem
499 1828 565 1880 dirui
578 1827 662 1896 jussit.
963 1875 969 1890 ,

170 1902 211 1948 28.
231 1898 300 1948 Hinc
318 1897 510 1950 Menedemum
530 1913 592 1948 cum
612 1897 646 1948 lll
667 1897 771 1948 milibus
784 1896 902 1964 pediturn
915 1905 941 1948 et
955 1897 1050 1951 DCCC

135 1968 269 2034 equitibus
293 1966 326 2018 ad
351 1967 445 2019 urbem
469 1965 632 2017 Maracanda
656 1966 736 2017 misit.
773 1965 938 2033 Spitamenes
960 1972 1048 2019 trans·

135 2035 197 2102 suga
217 2037 346 2104 praesidio
367 2035 545 2088 Macedonum
572 2036 632 2086 inde
656 2035 767 2102 dejecto,
789 2035 872 2086 muris
891 2034 964 2086 urbis
984 2035 1077 2102 ejnsx

136 2105 275 2156 incluserat
296 2121 332 2171 se,
354 2105 424 2156 haud
446 2104 583 2172 oppidanis
606 2103 926 2155 consiliumdefectionis
949 2119 1049 2172 appro-

134 2171 266 2224 bantibus.
282 2196 285 2204 ·
303 2173 381 2240 Sequi
400 2182 489 2224 tamen
503 2172 666 2238 videbantur,
680 2173 741 2240 quia
757 2171 893 2240 prohibere
906 2189 956 2223 non
970 2181 1047 2240 pote·

135 2251 200 2292 rant.
237 2242 344 2293 Interim
358 2241 510 2294 Alexander
527 2242 559 2292 ad
574 2241 686 2293 Tanaim
703 2257 812 2292 amnem
830 2241 904 2306 redit,
918 2250 945 2291 et
958 2257 1047 2308 quan·

135 2317 192 2361 tum
205 2309 251 2361 soli
265 2319 457 2377 occupaverant
470 2311 569 2375 castris,
583 2327 659 2362 muro
671 2309 852 2362 circumdedit.
889 2311 933 2362 Lx
945 2310 1046 2362 stadio·

135 2394 192 2429 rum
217 2379 288 2430 urbis
310 2394 401 2430 murus
425 2377 489 2430 fuit:
515 2377 583 2430 hanc
606 2395 709 2447 quoque
735 2379 828 2430 urbem
851 2378 1046 2434 Alexandriam

134 2447 260 2516 appellari
284 2447 381 2516 jussit.³
421 2448 492 2516 Opus
517 2455 587 2499 tanta
611 2448 744 2499 celeritate
769 2447 915 2516 perfectum
939 2457 988 2516 est,
1016 2458 1047 2502 ut

134 2515 238 2568 decimo
257 2534 285 2568 se
306 2517 369 2568 timo
387 2517 438 2586 die,
457 2533 537 2584 quam
555 2517 721 2569 munimenta
740 2517 856 2568 excitata
874 2525 954 2585 eraut,
970 2526 1046 2570 tecta

134 2602 239 2655 quoque
258 2535 330 2638 urbis
347 2586 554 2638 absolverentur.
591 2587 686 2652 lugens
699 2585 813 2638 militum
826 2593 961 2638 certamen
975 2588 1048 2639 inter

133 2656 205 2724 ipsos
228 2656 321 2724 fuerat,
343 2665 371 2708 ut
392 2673 468 2708 suum
493 2655 603 2724 quisque
627 2672 724 2706 munus
744 2655 817 2724 (nam
838 2654 953 2706 divisum
973 2664 1047 2725 erat)

133 2725 234 2793 primus
257 2725 413 2777 ostenderet.
453 2725 556 2776 lncolae
580 2741 663 2775 novae
688 2723 744 2776 urbi
769 2722 823 2774 dati
847 2724 952 2792 captivi,
975 2741 1048 2792 quos

134 2793 235 2845 reddito
253 2797 337 2862 pretio
352 2795 467 2846 dominis
481 2793 607 2862 liberavit,
621 2809 732 2861 quorum
745 2793 841 2860 posteri
854 2809 923 2844 nunc
935 2801 1047 2862 quoque

134 2865 195 2982 nonl⁴
206 2864 275 2931 apud
290 2881 336 2915 eos
349 2874 402 2916 tam
416 2864 493 2929 longa
505 2872 593 2914 aetate
606 2873 709 2930 propter
727 2861 881 2914 memoriam
894 2861 1047 2914 Alexandri

134 2942 313 2983 exoeverunt.

163 3035 203 3082 Ι11
221 3035 264 3082 has
281 3038 341 3084 been
358 3037 437 3083 stated
451 3035 530 3083 before
542 3037 593 3082 that
607 3036 733 3094 Cyropolis
745 3051 795 3082 was
807 3036 929 3103 besieged,
943 3037 987 3082 bnt
999 3050 1046 3085 not

134 3093 185 3141 that
197 3093 265 3161 these
278 3105 327 3140 two
336 3095 394 3142 with
404 3095 467 3142 their
478 3095 608 3154 regiments
619 3093 735 3153 belonged
745 3105 770 3141 to
778 3094 819 3141 the
831 3096 956 3162 besregiug
967 3092 1045 3144 soree.

161 3159 170 3182 ⁰
183 3153 242 3199 ‘His
253 3154 334 3200 neck)
368 3153 396 3200 In
408 3153 494 3200 Cicero
510 3152 556 3200 and
572 3152 612 3199 the
626 3152 711 3199 earlier
722 3153 794 3200 Latin
805 3154 903 3201 authors
915 3153 962 3200 this
974 3155 1047 3204 word

134 3212 154 3260 is
165 3211 222 3270 only
233 3210 293 3258 used
304 3212 327 3258 in
339 3211 380 3258 the
392 3211 476 3270 plural,
490 3227 551 3258 even
563 3211 597 3257 101
609 3226 653 3257 one
666 3211 735 3258 neck.

162 3269 307 3329 'Certainly
318 3270 343 3316 in
359 3271 399 3317 the
415 3269 611 3330 neighbourhood
629 3269 656 3316 of
668 3270 749 3317 where
761 3269 888 3330 Cyropolis
902 3270 948 3317 had
958 3272 1045 3328 stood,

133 3328 180 3376 and
188 3329 248 3376 built
257 3329 294 3375 sor
302 3329 342 3375 the
351 3345 417 3376 same
427 3344 529 3386 purpose
538 3344 545 3383 3
558 3327 662 3386 namely‚
674 3338 698 3374 to
707 3343 789 3375 secure
799 3329 839 3375 the
848 3329 938 3388 empire
946 3330 1046 3396 against

132 3387 174 3434 the
186 3387 281 3435 inroads
292 3387 319 3433 01
332 3387 371 3434 the
388 3387 499 3434 nornadic
515 3387 589 3433 tribes
605 3387 700 3444 beyond
711 3386 752 3433 the
764 3387 884 3434 Jaxartes.
917 3387 979 3434 'I'hrs
991 3389 1047 3450 city

132 3459 183 3492 was
195 3445 272 3492 called
284 3447 315 3504 by
327 3445 366 3491 the
380 3444 475 3491 Greeks
489 3443 647 3490 ‘Alexandria
657 3459 688 3491 on
699 3443 740 3490 the
752 3445 859 3492 Tanais!

160 3507 169 3530 ⁴
180 3504 220 3550 An
230 3502 332 3551 unusual
344 3503 492 3561 expression,
505 3499 541 3548 101
552 3501 632 3549 which
643 3519 673 3550 ne
682 3519 746 3551 nurse
755 3505 847 3562 quidm
857 3504 878 3551 is
889 3503 962 3552 much
973 3519 1047 3555 more

132 3575 251 3608 common.
284 3561 403 3620 Compare
414 3561 483 3618 chop.
495 3562 532 3616 23,
545 3563 577 3608 ad
584 3563 632 3622 fia.
