2410 3890
132 237 189 292 lat
396 247 437 288 ua
459 247 566 288 enarra
588 246 771 287 maranum.

128 359 246 432 regebat,
269 366 299 412 ut
323 357 402 428 primi
428 355 551 427 conjungi
578 355 679 410 ultimis
707 363 823 426 possent.
859 355 923 410 CCC
948 354 1035 410 stadia

128 436 318 501 processerant,
331 443 394 480 cum
411 427 524 480 occurrit
542 425 709 496 Brocubelus,
725 424 830 479 Mazaei
848 425 926 496 filius,
943 425 1035 496 Syriae

129 499 264 570 quondam
302 505 395 550 mator.
430 497 457 550 Is
495 512 580 565 uoque
601 495 736 564 transfuga
756 494 902 563 nuntiabat,
922 496 1036 550 Bessum

130 568 202 623 haud
221 514 338 637 ampiius
357 582 439 636 quam
458 513 500 618 CC
517 565 604 638 stadia
623 565 727 618 abesse.
765 564 925 635 Exercitum,
945 573 1036 634 utpote

130 639 176 708 qui
201 636 266 691 nihil
291 643 468 705 praecaveret,
493 633 697 704 incompositum
724 633 954 705 inordinatumque
980 649 1036 704 pro·

130 707 236 760 cedere.
271 705 431 775 Hyrcaniam
455 704 538 758 videri
568 704 702 773 petituros.
739 703 766 756 Si
790 703 926 757 festinaret
950 703 1034 773 sequi,

130 777 252 848 palantes
274 776 514 846 superventurum.¹
549 774 666 826 Dareum
685 771 774 826 adhue
792 772 891 826 vivere.
927 772 1037 828 Strenuo

130 845 245 916 alioquin
263 844 436 915 cupiditatem
454 841 635 912 consequendi
658 841 792 911 transfuga
815 842 949 912 injecerat.
986 842 1036 894 lta·

129 933 182 986 que
201 914 349 969 calcaribus
361 910 480 982 subditis,
494 912 578 965 effuso
590 928 669 966 cursu
682 921 754 965 eunt.
789 911 904 981 Jamque
916 911 1037 964 fremitus

130 985 246 1039 hostium
270 985 320 1037 iter
342 981 546 1052 ingredientium
569 980 760 1035 exaudiebatur
767 998 775 1050 ;
799 981 846 1036 sed
869 989 1037 1051 prospectum

130 1054 268 1109 ademerat
287 1053 406 1134 pulveris
424 1051 518 1105 nubes.
554 1051 691 1120 Paulisper
709 1066 771 1120 ergo
790 1050 903 1104 inhibuit
920 1061 1035 1120 cursum,

130 1124 215 1177 donec
226 1123 374 1177 consideret
386 1120 482 1192 pulvis.
517 1121 631 1190 Jamque
643 1119 779 1190 conspecti
790 1135 807 1174 a
818 1120 936 1180 barbaris
954 1127 1035 1188 erant,

131 1203 159 1247 et
177 1193 333 1248 abeuntium
349 1208 447 1262 agmen
458 1207 522 1244 cons
540 1198 655 1261 exerant,
669 1205 837 1270 nequaquam
849 1189 929 1244 iuturi
940 1189 1038 1260 pares,²

130 1263 154 1316 si
177 1263 259 1315 Besso
283 1270 387 1316 tantum
410 1261 492 1314 animi
516 1207 610 1314 diisset
634 1259 669 1314 ad
693 1259 832 1330 proelium,
851 1267 979 1330 quantum
1002 1257 1037 1312 ad

166 1331 302 1384 rricidium
325 1330 420 1384 lueret.
455 1331 580 1399 Namque
606 1337 632 1383 et
658 1346 770 1384 numero
793 1328 897 1384 barbari
922 1336 1037 1399 praesta·

131 1347 202 1469 Eut,
222 1409 249 1453 et
266 1399 372 1453 robore:
390 1399 425 1453 ad
443 1399 494 1453 hoo
511 1398 604 1453 resecti
622 1415 685 1453 eum
702 1398 818 1468 fatigatis
834 1407 969 1452 certamen
987 1397 1037 1450 ini·

130 1469 181 1522 turi
205 1477 288 1522 erant.
324 1468 376 1523 Sed
399 1486 496 1522 nomen
517 1467 669 1539 Alexandri,
690 1469 816 1540 etfama,
837 1467 987 1522 maximum
1009 1467 1037 1521 in

130 1537 201 1592 bello
213 1538 304 1608 utique
316 1547 490 1608 momentum,
502 1537 614 1608 pavidos
626 1537 652 1590 in
665 1537 757 1606 lugam
769 1537 872 1592 avertit.

166 1612 207 1660 37.
227 1603 325 1660 Bessus
336 1623 399 1661 vero
410 1615 437 1662 et
455 1607 536 1661 ceteri
553 1605 676 1660 facinoris
693 1607 752 1678 ejus
768 1607 917 1678 participes,
929 1605 1037 1660 vehicu-

130 1675 187 1732 lum
210 1677 290 1730 Darei
312 1678 435 1747 assecuti,
460 1686 603 1746 coeperunt
626 1675 723 1730 hortari
745 1691 816 1748 eum,
838 1675 1039 1730 conscenderet

130 1763 238 1818 equum,
257 1754 284 1800 et
302 1763 331 1800 se
349 1746 418 1800 hosti
436 1745 500 1816 luga
519 1746 640 1816 eriperet.
675 1745 723 1800 ille
743 1745 808 1800 deos
826 1744 925 1800 ultores
942 1746 1037 1799 adesse

130 1823 247 1886 testatur,
269 1823 296 1869 et
314 1815 459 1870 Alexandri
477 1815 559 1870 fidem
579 1815 721 1886 implorans
740 1823 827 1886 negat,
846 1833 876 1868 se
895 1815 1038 1886 parricidas

130 1885 199 1940 velle
212 1885 340 1940 comitari.
377 1885 446 1940 Tum
458 1903 520 1938 vero
533 1886 571 1938 ira
582 1901 687 1956 quoque
700 1887 815 1956 accensi,
829 1885 883 1939 tela
894 1885 1038 1956 conjiciunt

130 1955 157 2009 in
175 1973 275 2026 regem,
293 1955 436 2026 multisque
457 1956 608 2009 confossum
626 1954 779 2010 vulneribus
798 1955 956 2025 relinquunt.
992 1955 1036 2022 Ju-

129 2036 220 2080 menta
244 2042 357 2106 quoque,
375 2042 409 2078 ne
433 2025 536 2094 longius
562 2026 683 2095 prosequi
707 2034 821 2095 possent,
841 2025 1036 2095 convulnerant,

129 2093 232 2148 duobus
249 2111 340 2164 servre,
359 2093 404 2164 qui
422 2111 513 2163 regern
531 2094 732 2164 comitabantur,
752 2095 854 2148 occisis.
890 2095 946 2148 Hoc
965 2095 1037 2148 edito

130 2161 253 2232 facinore,
272 2173 301 2217 ut
319 2162 432 2233 vestigia
457 2163 536 2232 fugae
563 2173 723 2233 spargerent,
742 2164 914 2219 Nabarzanes
939 2165 1038 2234 Hyrca·

36 2261 39 2272 ·
128 2234 208 2301 niam,
221 2232 320 2287 Bessus
332 2231 433 2301 Baetra,
446 2234 538 2302 paucis
550 2234 670 2302 equitum
683 2233 879 2304 comitantibus,
892 2234 1036 2304 petebant:

129 2301 241 2370 barbari,
260 2301 375 2355 ducibus
392 2302 529 2372 destituti,⁴
547 2319 600 2371 qua
617 2319 752 2372 quemque
770 2311 816 2356 aut
834 2321 896 2374 spes
912 2303 1037 2373 ducebat,

128 2379 175 2425 aut
193 2386 280 2450 paror,
300 2369 511 2439 dissipabantur:
530 2371 555 2424 D
572 2379 674 2424 tantum
693 2371 798 2442 equites
814 2383 1038 2443 congregaverant

129 2456 167 2505 se,
186 2440 280 2492 ineertr
298 2439 395 2510 adhuc,
415 2441 538 2494 resistere
558 2441 654 2494 melius
673 2450 752 2512 esset,
765 2459 799 2497 arr
819 2442 921 2512 lugere.
957 2443 1038 2497 Alex·

128 2509 219 2579 ander,
232 2508 347 2563 hostium
360 2517 399 2562 tre
419 2509 534 2563 idatione
551 2520 693 2581 comperta,
707 2513 865 2566 Nicanorem
884 2531 947 2568 cum
964 2513 1037 2583 equi·

128 2587 184 2632 tum
204 2587 277 2650 parte
294 2578 329 2631 ad
346 2527 520 2634 iuhiirendam
539 2579 630 2648 lugam
648 2581 761 2635 emittit:
785 2582 843 2652 ipsa
860 2599 922 2636 cum
940 2582 1038 2636 ceteris

129 2651 255 2718 sequitur.
291 2647 328 2702 Ill
341 2648 426 2704 ferme
443 2649 518 2702 milia
535 2649 685 2703 resistentia
702 2653 791 2705 occisa
809 2660 886 2722 sunt3
905 2653 1037 2722 reliquum

127 2733 225 2786 agmen
245 2718 380 2788 pecudum
400 2720 485 2774 more⁶
496 2720 626 2774 intactum
644 2719 780 2790 agebatur,
795 2718 906 2790 jubente
925 2738 994 2791 rege,
1008 2728 1037 2774 ut

128 2787 256 2843 caedibus
278 2789 463 2842 abstineretur.
506 2789 593 2842 Nemo
616 2789 779 2860 captivorum
807 2798 872 2860 erat,
896 2791 941 2860 qui
964 2807 1037 2844 mon·

158 2897 333 3006 ¹Ceplorqeairlq
340 2915 444 2970 gcqerns
460 2901 538 2987 eithpr
553 2901 594 2950 the
605 2901 685 2950 dative
697 2917 723 2949 or
734 2889 885 2970 accusativa3
903 2903 944 2974 the
956 2902 1036 2974 dative

128 2960 1038 3101 ttttttttttttttuttttlietutitlltttntttttttt

129 3074 263 3194 witikindi
273 3091 406 3204 iilddidsirot
418 3135 479 3185 have
490 3137 553 3184 been
563 3146 587 3185 at
598 3137 631 3185 all
641 3154 656 3187 a
666 3139 747 3188 match
763 3138 799 3189 lor
814 3140 855 3189 the
872 3140 995 3198 Parsiana,
1009 3141 1034 3200 it,

129 3191 177 3261 dpq.
210 3193 265 3242 Tha
276 3193 387 3255 apodosrs
396 3194 424 3243 ol
431 3210 446 3242 a
455 3195 620 3254 hypothetical
628 3207 742 3248 sentence
754 3198 775 3248 is
785 3199 883 3259 implied
894 3201 919 3250 in
929 3201 971 3250 the
981 3215 1035 3260 par·

127 3250 407 3362 nc'liii'omsiititiundide'
419 3252 499 3362 didi
510 3263 587 3371 iodim
600 3322 657 3364 note
669 3318 690 3364 1.
976 3275 982 3288 ν
1064 3269 1066 3278 Ι

155 3375 166 3460 2
173 3369 320 3457 quivalent
331 3381 356 3420 to
362 3373 463 3453 priuati,
477 3372 625 3432 ‘deprived’
640 3374 747 3424 ‘barain'

190 3429 253 3482 Lrlre
268 3432 359 3493 sheep;
387 3429 423 3480 lor
438 3431 507 3480 these
524 3445 563 3480 are
579 3433 718 3495 commonly
732 3433 878 3488 understood
898 3435 975 3488 under
992 3435 1035 3489 tho

127 3497 191 3538 term
197 3493 303 3553 paedor.
