2410 3890
530 245 622 288 arses
641 245 681 286 rv.
1023 229 1061 286 67

153 355 211 426 ipsa
227 363 319 410 autem
331 355 390 410 avis
401 354 428 409 in
440 353 559 425 proxima
572 363 641 406 turre
654 355 783 409 consedit.
819 353 890 408 Illita
909 362 965 406 erat
986 353 1063 406 turris

152 423 282 478 bitumine
300 442 332 478 ac
350 424 493 495 sulphure,¹
512 424 537 476 in
565 441 618 492 qua
643 423 693 476 alis
719 423 896 490 haerentibus,
916 423 1013 476 frustra
1031 439 1062 474 se

153 494 269 548 allevare
287 504 404 563 conatus,
417 511 434 546 a
446 492 679 547 circumstantibus
696 495 807 563 capitur.
844 493 929 561 Digna
943 511 984 545 res
996 493 1061 558 visa,

153 567 188 619 de
200 581 252 634 qua
264 573 340 618 vates
351 563 514 617 consuleret:
537 572 563 614 et
576 570 633 614 erat
646 579 695 614 non
715 563 828 616 intactae
840 581 856 614 a
869 562 1064 631 superstitione²

153 634 259 690 mentis.
296 635 366 702 Ergo
379 632 539 702 Aristander,
554 631 597 684 cui
609 632 728 685 maxima
740 633 808 685 fides
819 631 974 700 habebatur,
989 631 1064 684 urbis

154 701 264 774 quidem
277 702 410 757 excidium
429 702 539 770 augurio
558 701 603 754 illo
623 701 763 781 portendi,a
775 711 894 754 ceterum
914 701 1061 770 periculum

155 791 222 842 esse,
236 789 270 826 ne
283 789 329 828 rex
341 773 437 826 vulnus
456 771 603 841 acciperet:
623 781 713 840 itaque
729 772 836 839 monuit,
850 770 959 839 nequid
974 787 1005 822 ec
1018 769 1063 822 die

155 843 293 912 inciperet.
330 841 386 912 llle,
412 857 573 912 quamquam
597 858 678 894 unam
704 841 796 896 urbem
820 839 878 908 sibi,
900 856 952 909 quo
976 841 1064 892 minus

155 929 265 966 securus
288 914 443 981 Aegyptum
468 912 583 978 intraret,
608 911 713 962 obstare
737 926 816 978 aegre
840 909 949 978 serebat,
974 918 1064 962 temen

154 982 238 1053 paruit
251 982 312 1050 vati,
325 983 483 1050 signumque
497 979 614 1048 receptui
627 979 709 1032 dedit.

191 1056 233 1104 27.
253 1049 322 1103 Hinc
334 1052 438 1103 animus
450 1050 532 1102 crevit
544 1050 666 1116 obsessis,
680 1049 834 1120 egressique
846 1059 919 1117 perta
938 1047 1064 1100 receden-

155 1121 227 1174 tibus
244 1119 359 1174 inierunt
378 1119 461 1188 signa,
475 1119 671 1171 cunctationem
694 1119 808 1172 hostium
829 1135 903 1170 suam
917 1117 971 1169 iore
989 1133 1064 1168 occa-

155 1191 269 1244 sionem⁴
293 1191 349 1242 rati.
385 1189 436 1242 Sed
461 1189 548 1242 acrius
568 1204 649 1257 quarn
669 1188 834 1241 constantius
851 1185 979 1256 proelium
999 1187 1064 1238 inie-

156 1268 231 1314 runt:
251 1259 348 1329 quippe
366 1267 394 1310 ut
407 1257 585 1311 Macedonum
600 1259 674 1327 signa
686 1258 830 1326 circumagi
842 1257 941 1324 videre,
957 1265 1064 1326 repente

156 1329 251 1383 sistunt
275 1327 395 1396 gradum.
437 1329 550 1398 Jamque
580 1327 614 1379 ad
641 1344 731 1396 regem
757 1327 941 1397 proeliantium
965 1327 1065 1378 clamor

155 1409 319 1469 pervenerat,
337 1415 398 1450 curn
418 1396 566 1450 denuntiati
585 1397 696 1466 periculi
716 1397 786 1449 haud
805 1413 868 1449 sane
881 1412 991 1464 memor,
1006 1396 1064 1447 lori-

156 1485 216 1522 cam
235 1477 333 1536 tamen,
351 1483 432 1536 quam
451 1484 505 1518 raro
524 1465 659 1535 induebat,
678 1466 773 1518 amicis
791 1465 924 1519 orantibus
942 1465 1063 1536 sumpsit,

156 1537 229 1590 etad
249 1538 333 1607 prima
353 1538 428 1604 signa
465 1537 574 1588 ervenit.
610 1535 668 1593 Quo
688 1547 829 1604 conspecto
849 1535 935 1588 Arabs
955 1535 1065 1604 quidam

157 1607 234 1662 Darei
246 1607 332 1676 miles,
346 1605 433 1676 majus
444 1553 547 1658 ibrtuna
559 1623 607 1659 sua
623 1604 726 1657 facinus
737 1621 825 1672 ausus,
838 1604 956 1672 gladium
970 1605 1064 1674 clypeo

157 1687 257 1746 tegens,
271 1677 346 1746 quasi
361 1675 495 1743 transfuga
507 1675 621 1744 genibus
633 1673 702 1743 regis
719 1673 875 1727 advolvitur.
911 1674 958 1726 llle
977 1690 1063 1726 assur-

155 1763 219 1814 gere
237 1746 396 1816 supplicem,
417 1745 551 1814 recipique
579 1745 647 1798 inter
673 1760 735 1796 suos
760 1743 845 1814 jussit.
882 1746 916 1796 At
937 1742 1064 1796 barbarus

156 1815 245 1884 gladio
258 1825 365 1868 strenue
378 1815 403 1867 in
417 1814 537 1868 dextram
559 1813 691 1882 translato,
705 1815 837 1866 cervicem
858 1813 958 1881 appetit
981 1813 1063 1879 regis:

157 1886 202 1954 qui
221 1885 318 1955 exigua
336 1884 451 1955 eorporis
469 1883 645 1936 declinatione
664 1883 762 1936 evitato
781 1883 844 1951 ictu,
859 1882 883 1933 in
898 1899 996 1934 vanum
1009 1897 1064 1933 ma·

157 1971 219 2008 rrum
238 1955 342 2014 barbari
369 1953 472 2024 lapsam
497 1962 618 2022 amputat
643 1952 739 2021 gladio,
759 1951 912 2004 denuntiato
937 1953 962 2003 in
990 1950 1064 2004 illum

157 2024 231 2077 diern
258 2023 383 2095 perindie,
412 2032 439 2076 ut
465 2021 641 2075 arbitrabatur
666 2023 731 2092 ipse,
759 2019 910 2074 defunctus.
947 2019 1006 2088 Sed,
1035 2031 1065 2072 nt

157 2094 254 2162 opinor,
268 2092 421 2146 inevitabile
440 2100 481 2144 est
499 2091 593 2144 fatum.
630 2091 733 2160 Quippe
756 2090 820 2143 dum
845 2091 913 2144 inter
936 2092 1065 2160 primores

157 2163 304 2233 promptius
328 2161 446 2230 dimicat,
474 2161 570 2229 sagitta
595 2161 665 2214 ictus
690 2169 746 2212 est:
777 2177 856 2230 quam
885 2178 931 2230 per
955 2159 1062 2215 loricam

156 2231 290 2302 adactam,
305 2241 419 2284 stantem
438 2231 463 2284 in
482 2230 592 2301 humero
610 2229 733 2284 medicus
745 2228 803 2298 ejus
816 2229 882 2283 Phili
903 2247 953 2300 pus
965 2229 1064 2282 evellit.

158 2302 289 2356 Plurimus
314 2301 411 2354 deiude
436 2301 544 2369 sanguis
568 2317 677 2353 manare
702 2301 797 2369 coepit,
816 2249 938 2352 omnibus
962 2300 1064 2367 territis,

157 2373 221 2440 quia
244 2389 303 2441 non,
328 2387 408 2440 quam
438 2371 492 2424 alte
522 2379 688 2440 penetrasset
712 2369 803 2438 telum,
829 2368 907 2423 lorica
931 2369 1063 2434 obstante,

157 2449 343 2510 cognoverant.
380 2441 449 2510 lpse,
462 2457 496 2494 ne
515 2439 568 2492 oris
585 2439 694 2508 quidem
713 2438 800 2492 colore
818 2449 926 2506 mutato,
940 2437 1065 2506 supprimi

156 2511 315 2580 sanguinem
328 2519 355 2563 et
367 2510 465 2563 vulnus
476 2509 585 2576 obligari
601 2508 688 2578 jussit.
726 2509 776 2562 Diu
790 2517 851 2562 ante
864 2508 921 2576 ipsa
934 2509 1009 2574 signa
1021 2505 1064 2560 vel

156 2579 331 2650 dissimulato,
356 2579 400 2632 vel
423 2579 492 2632 victo
516 2578 605 2632 dolore
629 2578 794 2646 perstiterat,
817 2594 881 2630 cum
908 2593 1065 2646 suppressus

157 2651 235 2772 paulo
253 2659 316 2702 ante
335 2650 443 2718 sanguis
462 2647 731 2714 medicamentaque
749 2656 867 2700 retentus
879 2655 942 2714 erat,
956 2663 1064 2699 manare

167 2720 261 2788 angius
279 2719 374 2789 coepit,
388 2727 415 2771 et
434 2718 537 2789 vulnus,
557 2715 628 2786 quod
641 2715 858 2786 stupensladhuo
876 2714 994 2767 dolorem
1012 2732 1063 2769 non

157 2797 285 2858 moverat,
300 2789 412 2857 frigente
431 2789 558 2857 sanguine
571 2783 705 2840 intumuit.
741 2783 834 2854 Linqui
852 2783 949 2837 deinde
968 2785 1063 2854 anime,

157 2869 184 2913 et
204 2857 323 2912 submitti
341 2875 412 2927 genu
432 2859 519 2928 coepit
529 2855 546 2910 :⁸
564 2873 644 2926 quern
658 2853 770 2924 preximi
782 2861 926 2924 exceptum
940 2855 966 2908 in
979 2863 1065 2908 castra

187 2963 327 3021 ¹Plutnrch,
341 2964 365 3012 in
381 2963 419 3012 hia
439 2963 479 3010 life
496 2961 523 3010 of
538 2960 685 3015 Alexander,
699 2975 755 3019 says
771 2959 823 3008 that
840 2959 880 3009 the
897 2960 950 3010 bird
961 2977 1012 3012 was
1023 2979 1064 3012 an·

159 3032 199 3070 tan
217 3020 256 3070 led
266 3023 312 3070 and
324 3025 412 3084 caught
424 3037 512 3082 among
522 3022 563 3069 the
576 3029 629 3068 neta
641 3019 687 3066 and
698 3018 775 3068 cords.

186 3086 197 3110 ⁹
229 3082 326 3142 agardin
353 3083 552 3145 susperstitionis,
565 3095 607 3127 sec
620 3079 700 3127 Gram.
713 3077 726 3130 tl
738 3081 788 3126 302.

187 3095 450 3246 'Supply‘ieclared'
519 3197 524 3207 Ι

187 3205 196 3228 ⁴
207 3201 240 3246 ‘A
262 3199 388 3248 nvourable
400 3208 553 3260 opportunity
563 3197 601 3245 for
610 3195 776 3244 themselves.¹

188 3267 196 3291 ¹
209 3258 305 3307 Vulnus
316 3268 401 3320 stupet,
415 3260 454 3307 the
464 3257 552 3305 wound
563 3257 668 3304 remains
679 3268 748 3314 open.

186 3317 260 3366 “He
276 3319 354 3378 began
371 3327 395 3364 to
412 3317 461 3364 lose
478 3317 516 3364 his
532 3316 671 3369 resolution,
684 3313 731 3363 and
746 3324 771 3362 to
788 3315 842 3362 sinlr
858 3331 921 3375 upon
933 3315 971 3363 his
983 3315 1063 3362 knce.’

158 3379 272 3428 Submitti
283 3378 303 3425 is
315 3377 355 3424 the
372 3391 437 3423 same
449 3376 504 3423 here
517 3391 543 3422 as
554 3393 580 3423 se
589 3377 722 3422 submittere
733 3393 741 3420 .·
758 3391 822 3436 genu
839 3375 880 3422 the
897 3374 1064 3422 instrumental

159 3439 272 3492 ablativa,
286 3435 321 3484 ior
331 3435 372 3482 the
385 3434 445 3482 lmee
457 3449 508 3482 was
520 3434 560 3481 tlre
573 3435 725 3488 instrument,
738 3448 765 3480 or
776 3432 942 3483 intermediam
959 3444 1022 3494 step,
1036 3433 1064 3482 of

159 3499 197 3547 bis
207 3497 292 3556 falling
304 3507 328 3543 ιο
339 3493 380 3542 the
391 3492 491 3554 ground.
