2410 3890
500 231 611 286 uineis
630 230 670 270 iv.
1005 219 1045 280 et

142 355 225 462 mas
247 337 363 407 regebat,
387 339 463 392 hesta
487 339 626 392 transfixus
649 349 698 392 est.
734 342 793 404 Nec
815 351 860 396 sut
881 342 980 396 Persae
1002 350 1048 398 ant

191 408 306 461 cedones
328 407 490 476 dubitavere,
512 411 574 476 quin
598 409 655 476 ipsa
677 427 721 462 reri
744 424 813 464 esset
833 411 945 465 occisus.
982 414 1048 482 Ergo

142 477 246 546 lugubri
264 477 364 530 ululatu
384 485 410 528 et
429 477 559 530 incondito
578 477 692 530 clamore
710 481 874 549 gemituquel
892 489 975 536 totam
993 483 1048 536 fere

142 549 229 600 aciem
252 546 340 600 adbuc
363 562 448 614 aequo
471 547 569 598 Marte²
592 551 766 614 pugnantium
786 549 925 606 turbavere
945 552 1048 620 cognati

144 618 222 670 Darei
235 626 261 669 et
273 616 410 683 armigeri:
431 615 591 684 laevumque
610 632 689 668 cornu
707 617 732 668 iri
749 619 839 685 sugam
857 619 971 672 effusum
990 620 1048 674 des·

143 686 250 738 tituerat
273 702 387 754 currum,
412 701 492 752 quein
515 702 532 737 a
555 685 647 737 dextre
670 695 743 754 parte
768 688 856 754 stipati
881 690 907 740 in
930 689 1048 742 inedium

142 769 239 822 agmen
253 762 416 822 receperunt.
452 754 554 810 Dicitur
566 755 674 806 acinace
692 755 780 808 stricto
793 756 895 810 Dareus
905 756 1048 828 dubitasse,

143 823 188 876 ιιιι3
198 824 277 892 fugae
289 823 406 874 dedecus
419 822 529 874 honesta
542 832 624 875 morte
639 824 739 875 vitaret.
774 823 826 876 Sed
838 826 960 879 eminens
972 843 1049 882 curru

144 893 259 946 nondum
283 908 391 944 ornnem
415 909 519 946 suoiurn
543 894 630 944 aciem
653 887 750 961 proelio
773 894 946 948 excedentem
970 895 1049 950 desti·

145 972 217 1016 tuere
238 961 417 1024 erubescebat.
453 963 576 1030 Dumque
596 963 663 1014 inter
682 977 759 1030 spem
779 971 805 1015 et
825 963 1049 1032 desperationem⁴

144 1030 256 1084 haesitat
290 1031 389 1082 sensim
413 1031 508 1082 Persae
533 1030 672 1099 cedebant,
697 1040 724 1083 et
752 1026 907 1085 laxaverant
935 1031 1048 1090 ordines.

144 1071 301 1168 Alexander,
315 1107 415 1151 mutato
433 1115 509 1168 equo,
522 1099 620 1170 quippe
638 1099 727 1168 piures
744 1100 908 1170 fatigaverat,
928 1102 1049 1155 resisten-

144 1170 209 1222 tium
226 1168 340 1221 adversa
359 1184 403 1220 oia
422 1167 558 1237 fodiebat,⁶
572 1168 730 1236 fugientium
749 1179 831 1238 terga.
867 1170 980 1240 Jamque
999 1187 1049 1224 non

163 1255 240 1306 ugiia,
253 1238 300 1290 sed
317 1237 415 1290 caedes
426 1245 490 1304 erat,
503 1254 565 1292 cum
578 1239 682 1290 Dareus
711 1255 799 1307 noque
809 1257 915 1294 curium
927 1257 1007 1294 suum
1023 1241 1050 1294 in

143 1255 234 1374 bugam
259 1306 344 1358 vertit.
391 1306 523 1359 Haerebat
546 1308 573 1358 in
597 1307 676 1374 tergis
693 1255 857 1375 bgientiuin
880 1309 978 1362 victor:
1001 1309 1050 1364 sed

163 1385 311 1444 inspectum
329 1374 462 1431 oculorum
482 1375 567 1428 nubes
583 1375 708 1445 pulveris,
721 1394 790 1445 quae
808 1379 842 1430 ad
859 1378 967 1432 coelum
982 1379 1050 1432 fere·

180 1454 227 1513 tur,
247 1443 407 1498 abstulerat:
432 1443 584 1512 ergohaud
602 1461 682 1498 secus
699 1462 780 1513 quarn
800 1447 825 1498 in
846 1447 962 1501 tenebris
981 1465 1048 1502 erra·

143 1513 215 1582 bant,
233 1513 267 1566 ad
290 1528 381 1566 sonum
400 1521 478 1566 notae
495 1516 574 1582 vocis,
594 1524 623 1566 ut
640 1514 753 1584 signum,
773 1514 885 1569 subinde
904 1517 1050 1574 coeuntea⁸

145 1581 330 1637 Exaudiebant
343 1590 433 1634 tamen
445 1582 559 1651 strepitis
574 1582 746 1650 habenarum,
759 1584 856 1652 quibus
867 1586 928 1654 equi
943 1602 1050 1642 currum
1109 1619 1114 1626 ·

144 1651 275 1704 vehentes
290 1650 446 1704 identidem⁷
457 1651 677 1706 verberabantur:
696 1652 765 1705 haec
782 1653 838 1706 sola
855 1653 980 1722 fugientis
991 1671 1048 1708 ree·

143 1719 207 1789 tigia
220 1728 331 1789 excepta
343 1729 413 1773 eunt.

178 1794 217 1842 60.
237 1791 272 1842 At
291 1789 319 1841 iii
337 1789 412 1841 laevo
430 1787 610 1843 Macedonum
628 1805 707 1842 ecrnu
726 1791 884 1860 (Parmenio,
901 1791 969 1845 sicut
987 1800 1049 1846 ante

142 1858 252 1926 dictum,
273 1857 416 1928 tuebatur),
441 1857 518 1924 longe
537 1857 594 1910 alia
618 1858 722 1910 fortuna
745 1860 881 1928 utriusque
940 1861 985 1913 rtis
1008 1877 1050 1914 res

142 1927 291 1996 gerebatur.
321 1927 458 1995 Mazaeus,
469 1943 529 1979 eum
542 1927 614 1990 omni
627 1943 733 1979 sucrum
745 1929 863 1995 equitatu
876 1945 909 1980 ve
930 1936 1049 1982 amenter

143 1997 271 2064 invectus,
284 1995 394 2064 urgebat
412 1994 591 2048 Macedonum
607 1995 670 2047 aias.
706 1996 820 2064 Jamque
832 1996 970 2049 abundans
981 1997 1048 2050 mul·

144 2065 256 2120 titudine
273 2065 358 2116 aciem
377 2063 549 2116 circumvehi⁸
563 2072 692 2132 coeperat,
710 2081 770 2116 cum
790 2065 927 2118 Parmenio
946 2068 1049 2134 equites

142 2133 262 2188 nuntiare
279 2132 356 2202 jubet
373 2133 531 2203 Alexandro,
549 2133 575 2184 in
592 2150 643 2202 quo
658 2131 811 2185 discrimine
830 2133 879 2204 ipsi
898 2144 1002 2188 essent:
1020 2136 1049 2188 ni

143 2210 246 2256 mature
264 2203 455 2270 subveniretur,
473 2219 523 2256 nori
539 2219 616 2270 posse
634 2201 690 2254 sisti
710 2201 820 2270 sugam.⁰
854 2204 915 2257 Jam
932 2205 1047 2260 inultum

143 2272 201 2324 riae
220 2273 409 2340 praeceperat¹⁰
425 2289 478 2339 rex,
497 2271 658 2325 imminens¹¹
676 2271 834 2340 fugientium
849 2273 936 2342 tergis,
952 2291 1015 2328 cum
1031 2289 1048 2326 a

144 2341 317 2394 Parmenione
335 2340 417 2394 tristis
435 2342 541 2394 nuntius
553 2342 635 2410 venit.
669 2341 812 2394 Refrenare
824 2357 906 2410 equos
916 2342 990 2412 jussi,
1003 2344 1049 2412 qai

145 2411 1041 2434 ——-—-——-——--—·—-i—·-—-——————-.-..

172 2465 179 2487 ¹
193 2457 276 2506 ‘With
288 2457 328 2505 the
337 2458 485 2513 death-weil,
496 2455 542 2505 and
553 2473 567 2506 a
577 2455 691 2505 confused
698 2457 794 2504 shoutin
820 2455 1045 2507 andlnmentatiou.'

143 2516 572 2585 Lugubrs'riseppliedtceverythin
599 2516 802 2576 relatingtodeat
829 2516 1007 2566 andtbsdeed.

170 2575 800 2718 ³‘itit{iiiiiitudertinam,a,

144 2691 511 2819 tirzssserereerifiteersssefrffiehfggieri’n
522 2691 612 2751 perfect
623 2691 757 2817 antithesis.
807 2691 886 2750 Hono,
896 2691 944 2742 and
954 2691 995 2742 tbe
1005 2708 1046 2743 en.

174 2810 317 2869 ¹Literatly‚
333 2811 398 2870 ‘dag
408 2811 475 2858 icto!
508 2809 555 2856 We
566 2808 642 2868 speak
653 2809 681 2855 os
687 2824 702 2855 a
711 2808 774 2856 rider
786 2807 899 2870 ‘digging
924 2809 963 2860 his
977 2825 1047 2870 spara

144 2867 466 2938 intohisborse'suflankm
548 2927 553 2936 ι
699 2928 704 2936 .
880 2927 885 2936 Ι
921 2926 926 2937 ,
986 2928 990 2939 Ι

147 2991 153 3012 ⁴
173 2932 181 2956 ¹
195 2927 346 3036 ‘poliectinfi
354 2938 403 3013 trito
412 2927 495 2996 bodies
504 2936 528 2974 at
536 2927 625 2974 tirnes.¹
645 2925 749 3007 scande
756 2925 800 2974 has
808 2934 857 2974 two
865 2925 1045 2988 significatione:

162 2995 186 3069 at
195 2995 277 3070 times,
301 3002 329 3034 ari
370 2986 538 3071 ¹immediately
549 2985 756 3091 ιιιιιιιιιιριέιοι.εἱιηιθ
768 3044 838 3102 way!

172 3043 912 3164 i

173 3217 299 3300 ’‘Unless
315 3229 445 3268 assistance
456 3237 519 3270 were
535 3231 589 3268 sent
605 3219 722 3280 speediiy‚
735 3220 777 3269 the
789 3219 858 3282 flight
872 3219 943 3270 could
957 3229 999 3269 not
1014 3221 1045 3270 be

144 3277 273 3388 “ffflffie
285 3336 343 3405 king
353 3336 399 3386 had
410 3337 508 3396 prsesed
518 3354 549 3386 on
560 3347 651 3406 algreet
662 3351 700 3386 wa
727 3337 807 3407 before
816 3335 859 3406 the
870 3337 968 3386 others!

173 3401 188 3424 ¹¹
202 3395 290 3566 ‘Csljgse
302 3395 377 3502 inibe
385 3395 525 3514 inegrffihe
536 3396 666 3456 fugitives!
717 3413 774 3458 erga
783 3412 804 3446 is
815 3411 840 3444 ιιι
851 3395 892 3446 the
903 3394 989 3457 plural,
1001 3394 1052 3468 beg-

144 3469 216 3506 cattse
244 3472 259 3502 a
277 3470 352 3504 imru
495 3489 500 3502 .

545 3531 547 3534 ’
584 3527 601 3565 Ι
