2314 3886
454 235 546 276 araas
565 236 629 276 vrrs.
940 219 998 276 227

73 345 140 402 lere
161 347 199 417 fit,
221 345 363 400 immodico
387 345 477 398 labore
495 342 628 398 vincente.
672 343 729 398 Rex
752 350 852 413 temen,
874 339 998 398 subinde¹

75 433 170 486 equos
200 426 314 483 mutans,
339 413 395 466 sine
418 413 614 468 intermissione
637 411 770 480 fugientes
798 411 997 482 insequebatur.

76 486 198 542 Nobiles
209 485 322 554 juvenes
332 483 450 536 comitari
464 499 527 536 eum
539 481 611 534 soliti
619 481 772 535 deiecerant
783 491 888 550 praeter
900 481 998 552 Philip-

100 573 161 610 um.
198 552 352 624 Lysimachi
370 561 426 606 eret
443 551 601 621 balantum
619 551 734 622 primum
751 551 866 618 adultus,
880 560 914 621 et,
928 550 999 622 quod

77 572 166 678 lenite
184 623 341 694 appareret,²
358 621 452 674 indolis
469 638 552 674 rarae.
588 622 614 674 ls
633 621 722 691 pedes,
742 620 898 676 incredibile
916 620 998 691 dictu,

78 711 131 765 per
145 694 170 746 D
183 693 268 746 stadia
277 700 385 745 rectum
398 709 489 760 regern
500 691 642 744 comitatus
654 699 701 758 est,
715 706 796 760 saepe
808 707 908 759 equum
920 707 998 746 suum

16 799 17 820 r
79 763 215 816 offerente
228 760 396 831 Lysimacho,
410 777 460 814 neo
479 770 569 814 tamen
588 771 617 813 ut
629 759 811 828 digrederetur
821 776 839 811 a
852 775 913 826 rege
926 759 999 813 effici

80 832 179 903 potuit,
193 848 256 884 cum
275 830 355 883 lorica
373 831 482 884 indutus
501 847 575 884 arma
594 829 730 899 gestaret.³
764 828 849 897 ldem,
861 845 923 882 cnm
941 846 999 898 per-

80 913 200 954 ventum
217 909 288 954 esset
305 900 332 952 in
350 899 454 969 saltum,
468 900 494 953 ln
512 917 564 969 quo
583 917 613 952 se
630 898 737 953 barbari
748 897 912 968 abdiderant,
926 897 1000 952 nobi-

16 1023 17 1030 ,
81 969 141 1024 lem
162 969 246 1022 edidit
266 985 390 1039 pugnarn,
412 986 556 1038 regemque
577 968 727 1024 comminus
745 984 808 1020 curn
828 967 903 1021 hoste
922 966 1001 1021 dirui·

82 1047 198 1092 cantem
220 1040 354 1108 protexit.
388 1038 439 1092 Sed
463 1050 603 1118 postquam
627 1037 731 1092 barbari
754 1037 782 1090 in
804 1037 896 1106 lugam
920 1036 1000 1090 effusi

15 1139 17 1172 ὲ
83 1107 231 1162 deseruere
250 1107 337 1179 silvas,
356 1111 469 1177 enlmus,
489 1108 578 1178 quiin
597 1108 689 1160 ardore
707 1123 812 1177 pugnae
830 1123 926 1177 corpus
943 1123 1000 1161 sus·

15 1231 16 1242 ,
83 1186 236 1231 tentaverat
264 1177 339 1246 liquit
349 1180 367 1246 ,⁴
390 1178 528 1247 subitoque
547 1194 583 1230 ex
601 1177 724 1231 omnibus
743 1176 873 1230 membris
895 1175 1001 1246 profuso

84 1247 196 1316 sudore,
206 1216 305 1300 arboris
322 1247 458 1317 proximae
477 1247 557 1317 stipiti
576 1264 605 1300 se
622 1245 758 1316 applicuit.
794 1246 898 1300 Deinde
910 1263 944 1300 ne
956 1245 1001 1300 illo

84 1316 199 1387 quidem
218 1316 379 1371 adminiculo
399 1316 551 1387 sustinente,
573 1316 697 1370 manibus
716 1316 785 1385 regis
803 1326 932 1396 exceptus
950 1323 1000 1440 seq
1064 1327 1067 1334 ⁴

85 1387 156 1440 inter
167 1403 235 1454 quas
246 1385 377 1455 collapsus
388 1385 554 1455 extinguitur.
589 1387 727 1440 Maestum
745 1403 837 1456 regem
848 1386 916 1440 altus
929 1386 980 1440 heu

85 1454 157 1512 levis
180 1455 251 1507 dolor
274 1457 386 1527 excepit.
435 1457 560 1527 Erigyius
583 1457 649 1510 inter
672 1456 757 1510 claros
785 1457 869 1510 duces
896 1456 1001 1525 suerat,

14 1583 15 1592 ,
85 1542 170 1595 quem
200 1525 359 1580 exstinctum
388 1541 456 1596 esse,
486 1525 565 1596 paulo
593 1537 738 1596 antequam
767 1535 943 1580 reverteretur
972 1527 1000 1580 in

14 1631 15 1662 ,
85 1596 185 1648 castra⁵
213 1595 342 1662 cognouit.
385 1596 529 1666 Utriusque
555 1595 637 1650 lanus
663 1596 736 1649 omni
763 1606 890 1666 apparatu
919 1605 1001 1665 atque

14 1721 15 1732 ,
85 1662 184 1718 honore
197 1663 361 1720 celebratum
373 1675 421 1718 eet.

124 1739 164 1788 ll.
183 1733 273 1788 Debes
301 1735 398 1788 deinde
427 1742 552 1788 statuerat
581 1743 687 1803 petere:
714 1733 752 1788 ibi
774 1751 891 1803 namque
916 1734 1000 1803 Spita·

86 1819 196 1856 manem
209 1821 269 1857 esse
280 1812 445 1872 cognoverat.
481 1803 533 1856 Sed
547 1803 617 1875 banc
629 1819 734 1905 quoque
752 1803 956 1873 expeditionem,
970 1812 1000 1856 ut

88 1871 214 1943 pleraque
231 1873 291 1942 alia,
311 1875 413 1926 l'ortuna
431 1872 591 1940 indulgendo
609 1875 634 1924 ei
661 1888 797 1942 nunquam
817 1871 934 1942 fatigata,
953 1889 1000 1943 pro

88 1943 199 1997 absente
228 1943 362 2010 transegit.
416 1941 582 2010 Spitamenes
612 1941 700 1994 uxoris
736 1941 879 1994 immodico
908 1959 999 1996 amore

13 2061 14 2082 ,
89 2011 232 2081 flagrabat,
250 2028 331 2079 quarn
342 2027 422 2078 aegre
440 2009 530 2079 lugam
549 2025 576 2063 et
594 2027 662 2063 nova
673 2010 785 2065 subinde
798 2010 877 2064 exilia
889 2011 1001 2065 toleren-

13 2123 14 2150 ,
89 2090 144 2134 tem
164 2081 189 2132 in
207 2096 286 2132 omne
304 2079 449 2134 discrimen
466 2079 592 2135 comitem
610 2081 738 2134 trahebat.
775 2080 824 2133 llla
841 2079 921 2134 malis
938 2080 999 2135 lati·

124 2159 150 2202 ta
172 2148 329 2203 identidem⁷
351 2149 498 2203 muliebres
515 2149 644 2203 adhibere
668 2149 817 2220 blanditiae,
838 2161 867 2204 ut
891 2149 999 2205 tandem

102 2237 178 2288 ugarn
200 2219 311 2289 sisteret,
329 2219 486 2288 victorisque
506 2219 649 2274 Alexandri
671 2220 845 2274 clementiam
865 2230 998 2300 expertus,

13 2329 14 2332 η
90 2289 205 2358 placaret
217 2305 296 2358 quem
309 2288 429 2358 effugere
448 2306 498 2342 non
511 2299 609 2358 posset.
645 2290 711 2342 Tres
727 2290 813 2342 adulti
831 2300 905 2342 erant
922 2288 999 2344 libert

90 2374 165 2412 exeo
176 2358 284 2426 geniti:⁸
301 2375 366 2427 quos
384 2375 444 2412 cum
458 2359 558 2429 pectori
576 2359 657 2428 patris
674 2360 843 2428 admovisset,
857 2369 885 2413 ut
902 2361 1000 2414 saltem

90 2443 179 2480 eorum
205 2428 324 2481 misereri
347 2428 436 2497 vellet,
460 2429 566 2496 orabat,
596 2436 623 2482 et
646 2446 698 2498 qno
722 2429 886 2482 efficaciores
909 2438 999 2487 essent

90 2514 187 2567 preces,
211 2497 281 2552 baud
305 2497 395 2567 procul
422 2508 478 2551 erat
502 2498 661 2552 Alexander.
708 2498 757 2552 llle
782 2516 811 2552 se
840 2499 921 2569 prodi,
947 2515 999 2554 non

91 2569 187 2620 moneri
206 2575 284 2636 ratus,
297 2575 324 2619 et
342 2565 444 2619 formae
462 2567 579 2636 prolecto
598 2567 696 2621 fiducia
713 2584 812 2639 cupere
830 2584 892 2622 eam
904 2585 999 2638 quarn-

91 2635 201 2707 primum
235 2635 298 2690 dedi
326 2635 484 2706 Alexandro,
514 2637 652 2690 acinacem
686 2637 796 2707 strinxit,
826 2653 1000 2707 percussurus

118 2737 224 2844 ¹‘From
235 2775 293 2844 time
304 2784 329 2823 to
339 2775 415 2844 time!
493 2834 498 2845 ,
712 2834 716 2844 Ι

117 2838 127 2864 ¹
138 2832 241 2882 ‘Which
250 2835 328 2895 might
337 2834 413 2894 easily
421 2836 452 2882 bs
461 2833 557 2884 erident
564 2835 581 2892 3'
594 2834 699 2896 namely,
710 2834 787 2894 rlyou
794 2833 843 2884 hed
850 2835 914 2884 been
921 2834 998 2884 there.

93 2892 231 3039 ses‘glrldne,
239 2893 339 3002 laddlloe
350 2952 388 3001 his
395 2967 503 3023 ‚amous
515 2951 546 3000 he
554 2951 645 3002 carried
655 2951 694 3000 bis
704 2952 785 3000 arms!

120 3009 490 3138 eumenem...
752 3129 757 3140 ,

118 3131 127 3157 ·
139 3126 313 3196 ἸηιιιιάιιΙςιῃς
321 3128 389 3198 him)
422 3129 528 3178 Fortuna
537 3129 596 3180 took
603 3129 644 3182 the
655 3137 744 3180 matter
750 3139 801 3179 rnto
808 3130 914 3182 herown
921 3132 997 3190 hand,

93 3184 359 3305 ”lcfissl⁸l2{l0¹(ll¹y¹¹yh¹⁸
370 3189 480 3237 absence.

118 3301 163 3351 'ln
199 3302 277 3363 nglisb
288 3318 350 3352 wes
382 3305 413 3353 ak
423 3305 451 3354 of
463 3306 571 3356 children
579 3307 653 3370 being
663 3309 723 3358 bom
736 3309 785 3357 ‘to’
797 3311 840 3360 the
850 3310 937 3367 father,
951 3309 999 3360 and

95 3362 142 3412 ‘ol’
161 3361 203 3410 the
222 3363 324 3411 mother.
369 3379 385 3410 a
403 3364 474 3412 Latin
487 3367 598 3416 lilrewise
615 3385 642 3417 ec
656 3368 676 3418 is
692 3369 789 3432 usually
803 3370 900 3430 applied
915 3379 940 3418 to
956 3367 998 3417 the

93 3422 194 3478 matham
213 3422 256 3470 but
272 3422 340 3471 there
351 3436 391 3470 are
402 3438 416 3470 e
426 3422 473 3472 lew
484 3425 606 3477 instenoee
616 3427 641 3478 in
651 3428 740 3485 which.
753 3435 780 3477 as
795 3429 864 3486 here,
876 3431 895 3478 it
905 3428 926 3477 is
936 3428 999 3478 used

93 3481 119 3534 oi
128 3481 166 3532 the
176 3480 262 3531 father.
293 3481 340 3530 See
352 3481 450 3543 Zumpt,
463 3483 540 3544 iltl,
552 3496 617 3536 note.
