2264 3880
167 259 225 314 284
434 271 473 310 nu
497 270 602 312 nusris
624 267 805 310 iiaxaunui.

203 387 242 433 26.
264 381 318 448 Ego
332 379 402 433 vero¹
415 397 465 432 non
484 380 571 446 deero,
585 387 611 430 et
624 378 774 446 ubicunque
786 371 929 445 pugnabo,
945 375 974 430 in
990 375 1084 430 theatro

168 463 294 504 terrarum
318 449 388 504 orbis
411 465 470 500 esse
494 465 537 502 me
561 447 678 500 credam.
715 447 788 498 Dabo
812 445 997 499 nobilitatem
1022 447 1083 513 igno

168 519 267 573 bilibus
284 518 364 587 locis,
387 519 505 587 aperiam
523 518 625 570 cunctis
646 515 769 584 gentibus
788 524 881 583 terras,
901 525 980 583 quas
999 526 1083 568 natura

73 605 77 614 ·
168 589 245 657 longe
269 597 456 642 summoverat.
493 587 521 640 lii
545 586 587 639 his
609 585 733 654 operibus
755 583 876 651 extingui
902 583 978 637 mihi
999 585 1024 636 si
1040 584 1083 636 lois

169 657 205 711 ita
229 657 303 727 feret,
328 657 467 728 pulchrum
491 665 546 708 est:
571 672 604 706 ea
627 656 707 777 stirqe
731 671 790 706 suin
812 653 937 720 genitus,
967 663 1000 706 ut
1026 653 1081 706 mul·

169 729 234 780 tim*
247 727 325 796 prius,
339 741 418 796 quam
432 726 537 793 longam
545 725 628 776 vitam
641 722 674 776 de
695 739 780 776 camo
801 731 865 774 tare.
897 723 1030 776 Obsecro
1038 739 1080 788 voq

168 797 281 865 cogitate
301 813 347 849 iios
365 795 517 866 pervenisse
537 794 564 846 iii
583 801 672 858 terras,
686 791 765 861 quibu
807 791 935 844 feminae
955 792 995 844 ob
1015 793 1081 844 virtu·

168 876 222 921 tem
236 864 438 919 celeberrimum
451 879 548 917 nomen
567 871 615 914 est.
651 862 723 920 Quas
743 861 822 914 urbas
840 859 1015 914 Semiramis
1032 878 1080 912 oon·

168 934 256 989 diditi
285 951 353 1004 quas
374 942 468 1000 genten
491 931 591 1000 redegit
615 931 640 984 in
664 929 841 1000 potestateml
872 940 986 998 quanta
1012 946 1081 998 opera

169 1005 260 1057 molita
283 1003 342 1056 esti
377 1001 502 1056 Nondum
522 1000 651 1054 seminam
671 999 845 1068 aequavimus
863 998 966 1068 gloria,
988 1010 1019 1052 et
1037 1000 1081 1068 jari

169 1090 216 1126 nos
230 1073 314 1126 laudis
326 1071 435 1124 satietas
446 1070 536 1140 cepit‘l
572 1070 615 1122 Dii
628 1068 742 1136 faveant,
753 1067 851 1138 majora
863 1068 963 1122 adhuc
976 1079 1079 1122 restant.

168 1141 221 1196 Sed
233 1143 269 1194 ita
281 1151 368 1196 nostra
380 1149 455 1193 emnt
472 1155 541 1209 quae
559 1138 674 1191 nondum
692 1137 836 1206 attigimus,
849 1138 872 1188 si
886 1137 962 1190 nihil
976 1154 1082 1207 parvum

169 1211 330 1279 duxerimus,
343 1210 370 1263 iu
382 1225 434 1278 quo
447 1225 559 1276 magnae
570 1207 669 1276 gloriae
687 1207 761 1261 locus
777 1213 826 1258 est.
862 1207 920 1258 Vos
942 1209 1031 1260 modo
1048 1223 1082 1259 nie

169 1279 203 1334 ab
222 1280 345 1332 intestina
358 1278 450 1332 fraude
462 1288 489 1330 et
501 1277 705 1330 domesticorum
725 1274 827 1328 insidiis
845 1286 994 1342 praestate
1017 1293 1082 1328 secu·

170 1365 227 1401 rum
236 1351 254 1415 5⁴
267 1348 330 1400 belli
340 1347 486 1415 Martisque
495 1346 637 1400 discrimen
647 1345 798 1414 impavidus
806 1343 911 1398 subibo.
946 1345 1083 1415 Philippus
1110 1355 1111 1368 ¹

170 1415 196 1469 in
213 1417 271 1468 acie
290 1415 374 1485 tutior,
393 1433 474 1484 quam
493 1416 519 1468 in
538 1415 638 1468 theatro
656 1414 722 1468 suit:
744 1412 860 1466 hostium
880 1431 988 1468 marius
1007 1429 1081 1482 saepe

169 1486 268 1554 vitavit,
283 1487 398 1538 suorum⁵
410 1483 527 1552 effugere
540 1501 590 1536 non
604 1484 693 1536 valuit.
729 1483 849 1536 Aliorum
861 1499 978 1552 quoque
993 1501 1080 1552 regum

169 1554 257 1608 exitus
274 1555 296 1606 si
315 1556 504 1623 reputaveritis,
524 1553 613 1622 plures
632 1571 649 1605 a
668 1553 730 1620 suis,
749 1569 830 1620 quam
853 1553 890 1604 ab
916 1552 1003 1606 hoste
1024 1555 1081 1606 inte

169 1633 285 1693 remptos
297 1623 477 1678 numerabitis.
513 1623 645 1691 Ceterum,
657 1621 780 1692 qnoniam
793 1620 857 1674 olim
870 1621 909 1673 rei
922 1623 1050 1690 agitatae
1061 1623 1080 1674 iii

168 1695 257 1746 animo
270 1710 330 1746 meo
342 1710 412 1746 nuno
432 1691 591 1761 promendae
611 1691 714 1744 occasio
733 1689 822 1744 oblata
841 1699 891 1759 est,
906 1691 982 1744 mihi
1004 1693 1081 1745 maxi·

168 1779 229 1816 mus
240 1762 358 1814 laborem
370 1770 449 1830 arque
467 1778 578 1830 operum
589 1777 708 1813 meorum
720 1759 769 1812 erit
781 1759 890 1829 fructus,
904 1761 929 1813 si
944 1761 1080 1831 Olympias

168 1841 253 1884 mater
277 1830 465 1884 immortalitati
489 1838 663 1896 consecretur,
688 1829 899 1897 quandocunque
933 1833 1079 1884 excesserit

168 1901 230 1954 vita.
260 1900 286 1954 Si
301 1899 408 1968 licuerit,
420 1901 476 1968 ipse
489 1898 627 1969 praestabo
640 1897 705 1952 boc:
719 1898 740 1950 si
751 1915 794 1950 me
804 1900 977 1967 praeceperit
990 1900 1078 1964 saturn,
1109 1919 1110 1950 3

167 1985 215 2022 vos
226 1968 378 2022 mandasse⁰
390 1977 561 2022 mementote.
596 1970 638 2020 Ac
650 1977 706 2020 tum
718 1967 827 2036 quidem
844 1969 953 2020 amicos
966 1968 1078 2022 dimisit:

167 2047 286 2092 ceterum
300 2055 345 2106 per
356 2038 506 2108 complures
516 2037 574 2090 dice
586 2036 623 2090 ibi
635 2037 731 2089 stativa
743 2035 843 2089 habuit.

203 2111 244 2159 27.
263 2107 336 2159 Haec
355 2107 419 2159 dum
440 2108 466 2160 iri
485 2106 559 2160 India
571 2114 703 2174 geruntur,
716 2105 811 2162 Graeci
831 2103 932 2158 milites
953 2109 1079 2178 nuperiu

166 2175 281 2228 colonias
293 2192 309 2226 a
321 2191 383 2242 rege
396 2175 502 2228 deducti
514 2175 584 2227 circa
596 2174 697 2244 Bactra,
707 2183 763 2226 orta
774 2174 842 2226 iuter
850 2174 922 2243 ipsos
937 2178 1078 2240 seditione,

167 2243 327 2311 defecerant,
341 2260 391 2296 non
405 2253 460 2296 tam
471 2243 621 2298 Alexandro
633 2243 738 2312 inlensi,
751 2259 832 2312 quain
844 2252 918 2298 metu
933 2247 1080 2314 suppliciil

167 2336 244 2386 added
255 2339 327 2386 about
338 2352 382 2386 one
392 2354 449 2398 year
457 2349 482 2386 to
490 2338 550 2386 each
559 2338 585 2386 ol
592 2338 630 2386 his
639 2340 761 2386 numbers.
788 2337 930 2386 Alexander
942 2342 1080 2389 succeedetl

166 2406 192 2445 to
203 2396 244 2443 tlie
255 2411 344 2451 crown,
357 2406 381 2444 at
392 2395 433 2444 the
444 2396 516 2444 death
528 2396 555 2444 cl
567 2397 605 2446 his
615 2396 701 2453 father,
713 2397 739 2444 in
749 2397 791 2444 tlie
801 2411 910 2444 summer
920 2397 952 2445 os
960 2404 1008 2448 336
1022 2415 1079 2456 a.c.;

166 2469 204 2502 we
216 2469 255 2502 are
266 2470 321 2502 iiovv
332 2455 356 2502 iii
367 2455 408 2502 tlie
419 2469 526 2504 summer
536 2455 564 2503 ol
571 2459 614 2504 326
625 2471 648 2504 a.
657 2471 692 2512 c.;
705 2456 878 2515 conseq-uently
891 2465 935 2504 ten
948 2473 1027 2517 years
1038 2459 1080 2507 hsd

166 2513 272 2572 elapsed,
286 2514 332 2562 and
343 2529 380 2561 we
391 2513 477 2562 should
488 2514 550 2563 have
561 2513 608 2562 had
616 2532 706 2563 annum
715 2517 826 2562 deinum
837 2516 913 2576 regni.
942 2517 1041 2578 Again,
1053 2519 1079 2566 ha

167 2588 216 2642 was
234 2575 293 2622 born
311 2573 335 2620 in
352 2573 494 2632 September
509 2576 552 2622 356
563 2588 625 2630 u.c.,
639 2573 685 2621 and
701 2589 760 2630 was,
774 2572 901 2630 therefore,
915 2589 978 2624 now
998 2578 1079 2670 ⁰82⁸!

165 2631 423 2777 iuqrqeqjffirgssgqgs
434 2691 471 2739 his
483 2706 577 2739 unswer
585 2701 610 2738 to
619 2690 660 2738 the
671 2691 782 2750 question
791 2690 870 2772 which
877 2690 908 2738 he
917 2691 1030 2742 himself
1036 2695 1078 2744 had

167 2751 384 2894 lullddltfdfilillilis
396 2750 475 2889 ‘lilli’sd
481 2749 867 2866 qqqqqnqiotnqsigqunnqeqqntquffie
876 2809 902 2856 iu
910 2809 997 2860 which
1006 2814 1077 2862 much

166 2865 1075 2994 mdlll'inqacllilshlihwhiqhihename,ospwominisveryulusirious

165 2997 197 3031 on
207 2995 307 3055 account
324 2984 351 3065 ql
362 2985 406 3034 her
420 2999 560 3045 possessing
576 2984 618 3033 the
635 2995 735 3045 activity
746 2985 793 3034 and
809 2999 900 3046 energy
912 2989 1015 3048 worthy
1027 2990 1056 3038 of
1065 3005 1077 3038 a

165 3048 344 3149 mlllletllillle
355 3117 415 3208 qour
441 3111 476 3150 art
488 3111 514 3150 to
524 3101 628 3161 produce
639 3102 663 3151 in
674 3118 713 3152 me
724 3119 739 3150 a
749 3101 838 3163 feeling
852 3103 881 3150 ol
892 3106 1014 3167 securim,
1029 3108 1074 3156 &a

165 3159 211 3230 trid
222 3160 303 3230 thenl
314 3161 358 3208 sliu
371 3162 393 3229 ..¹
451 3161 488 3208 liis
505 3161 607 3230 English
623 3162 776 3231 supplement
790 3162 851 3210 ‘aud
862 3162 930 3211 theu’
943 3164 967 3212 is
984 3167 1075 3227 always

163 3220 266 3292 omitted
281 3235 305 3268 in
322 3219 393 3268 Latin
409 3220 482 3268 when
497 3235 527 3268 an
545 3232 687 3280 imperative
703 3237 724 3269 is
739 3220 852 3270 lolloived
867 3222 901 3281 by
916 3237 932 3270 a
946 3221 1032 3273 future
1051 3243 1074 3274 ss

162 3283 278 3386 apchsslvlat.
286 3337 355 3385 those
365 3337 414 3393 (tha
425 3337 510 3394 hands)
521 3337 549 3387 ol
556 3338 593 3386 liis
602 3353 657 3386 own
665 3340 791 3400 subjecta·
819 3339 866 3388 See
879 3339 981 3401 Zumpt,
992 3343 1022 3395 §i
1031 3347 1073 3393 767

162 3395 302 3516 ωρὸγιῗὲῇἰγ
310 3472 356 3504 ma.-
373 3459 379 3481 ⁴
388 3456 523 3502 rentember
533 3455 584 3502 that
596 3455 608 3502 I
619 3455 680 3504 have
691 3457 832 3506 committed
841 3457 889 3505 this
898 3457 961 3520 duty
970 3469 996 3510 to
1004 3463 1070 3521 you’

191 3514 298 3561 '‘Frnm
313 3513 364 3581 sear
380 3513 408 3560 ol
421 3527 506 3580 severs
522 3513 686 3571 punishmeut'
699 3523 749 3570 (not
765 3516 866 3576 always,
879 3529 938 3578 aay,
951 3531 996 3568 riot
1011 3536 1071 3570 aven

160 3569 266 3628 usually,
278 3570 366 3630 capital
376 3571 548 3632 punishment).
