2314 3886
474 240 565 280 urana
586 240 626 280 vr.
947 225 1001 280 167

95 347 214 418 noluerit,
226 365 278 402 non
296 347 451 402 mehercule
467 349 594 416 excogito,
608 365 670 400 cum
688 347 727 401 illi
745 347 878 418 utrimque
896 349 1001 416 cognita

94 435 173 470 causa
192 427 247 471 tam
264 418 391 471 damnare
409 434 454 469 me
472 417 559 485 liceat,
576 434 657 486 quam
674 418 820 485 absolvere,
834 435 885 470 non
898 419 1001 484 cognita

95 503 154 540 vero
172 487 276 540 liberari
294 487 329 540 ab
347 487 458 539 absente
478 503 527 538 non
547 503 661 554 possum,
679 487 724 555 qui
738 504 755 539 a
769 496 908 557 praesente
927 487 1000 540 dam-

94 567 250 609 natussum.
287 556 339 609 Sed
357 573 518 624 quamquam
537 555 617 607 vincti
636 555 749 608 hominis
767 573 817 608 non
837 551 1001 625 supervacua

93 626 186 693 solum,
201 625 246 678 sed
266 627 346 679 etiam
359 625 443 676 invisa
455 624 574 676 defensio
587 633 635 691 est,
648 625 694 692 qni
711 624 830 692 jndicem
842 641 892 677 non
905 625 1000 678 docere

94 695 202 763 videtur,
213 695 259 748 sed
268 710 391 762 arguere:
406 701 503 758 tomen,
514 703 648 761 utcunque
658 693 720 745 licet
729 711 773 748 me
783 694 890 763 dicere,¹
899 705 1000 747 memet

93 766 148 832 ipse
167 781 218 816 non
236 765 366 831 deseram,
385 779 436 815 nec
454 764 627 830 committam,
648 771 675 814 ut
693 761 835 815 damnatus
846 764 926 816 etiam
940 781 1000 816 mea

92 832 223 885 sententia
232 831 332 885 videar.
363 832 494 900 Equidem
504 831 580 901 cujus
589 831 706 884 criminis
715 848 776 884 reus
785 833 843 899 sim,
853 849 903 884 non
914 833 998 885 video.
1013 847 1015 852 ·

93 903 161 954 lnter
173 901 322 971 conjuratos
333 918 412 956 nemo
425 918 468 953 me
482 903 613 968 nominat,
632 899 666 953 de
684 918 726 953 me
742 900 924 954 Nicomachus
937 902 998 953 nihil

92 972 157 1023 dixit
165 987 172 1038 5
191 971 333 1024 Cebalinus
351 970 410 1039 plns
424 987 503 1038 quam
516 971 635 1023 audierat
648 971 714 1022 scire
727 986 778 1023 non
790 970 881 1040 potuit.
919 971 999 1038 Atqui

91 1039 276 1108 conjurationis
287 1049 366 1108 capnt
380 1057 422 1091 me
435 1039 520 1092 fuisse
528 1039 612 1092 credit
622 1039 683 1092 rex!
715 1040 802 1092 Potuit
814 1055 876 1108 ergo
888 1040 999 1092 Dimnus

91 1127 152 1161 enm
166 1109 315 1177 praeterire,
330 1125 409 1177 quern
423 1109 603 1178 sequebaturl
621 1109 776 1178 praesertim
788 1125 850 1162 cum
863 1109 999 1178 quaerenti

90 1179 174 1232 socios
186 1177 228 1228 vel
241 1177 307 1230 falso
319 1178 413 1230 luerim
427 1177 622 1247 nominandue,²
652 1194 685 1230 uo
702 1178 806 1230 facilius
824 1178 869 1248 qui
888 1186 999 1246 tempta-

91 1248 168 1299 batur
190 1255 278 1316 posset
302 1246 412 1316 impelli.
455 1247 514 1300 Non
539 1247 611 1298 enim
634 1195 740 1300 detecto
763 1247 879 1300 facinore
902 1263 999 1300 nornen

90 1333 183 1369 menrn
207 1315 347 1384 preateriit,
370 1325 397 1368 nt
418 1325 506 1384 posset
527 1316 611 1368 videri
636 1317 706 1370 socio
730 1318 896 1386 pepercisse:
921 1317 998 1368 Nico-

90 1383 194 1453 macho,
226 1402 287 1438 uem
306 1386 446 1438 taciturum
464 1403 561 1438 arcana
579 1385 612 1437 de
632 1386 775 1456 semetipso
793 1386 926 1455 credebat,
939 1401 998 1438 con-

89 1454 183 1523 fessus,
197 1402 255 1506 dits
268 1455 415 1523 nominatis,
430 1471 473 1506 me
486 1455 768 1508 unumsubnanebats
802 1455 914 1520 Quaeso,
928 1471 998 1506 com-

90 1523 229 1592 militones,
243 1525 265 1576 si
278 1523 420 1577 Cebalinus
433 1541 477 1591 me
486 1543 537 1576 non
549 1523 656 1593 adisset,
670 1523 735 1576 nihil
753 1541 797 1577 me
810 1525 844 1576 de
857 1523 999 1593 conjuratis

34 1607 37 1614 ’
89 1594 156 1646 scire
170 1593 301 1662 voluisset,
316 1609 379 1646 num
397 1593 477 1646 hodie
495 1593 613 1646 dicerem
632 1611 741 1646 causam
763 1593 835 1646 nullo
853 1609 897 1646 me
916 1595 998 1646 nomi·

88 1662 187 1716 nantel
212 1663 325 1715 Dimnus
335 1679 399 1715 sene
412 1670 438 1714 et
452 1661 552 1715 viveret
561 1663 657 1728 adhuc,
668 1669 695 1714 et
705 1633 777 1716 reiut
789 1661 854 1714 mihi
864 1673 997 1731 parceret:

87 1732 150 1801 qnid
171 1731 272 1786 ceteril
295 1733 340 1800 qni
360 1731 395 1783 de
416 1749 444 1783 se
468 1731 662 1784 confitebuntur
690 1747 734 1784 me
756 1731 880 1784 videlicet
900 1729 998 1784 subtra-
1028 1733 1029 1740 ’

87 1801 182 1855 hentl⁴
227 1799 349 1868 Maligna
372 1808 412 1852 est
435 1800 581 1869 calamitas,
606 1810 632 1853 et
655 1771 712 1852 iere
739 1800 840 1870 noxius,
864 1817 926 1854 cum
952 1817 998 1853 suo

87 1871 215 1940 supplicio
238 1871 390 1937 crucietur,⁶
412 1869 557 1938 acquiescit
580 1870 676 1922 alieno.
723 1870 773 1922 Tot
793 1869 892 1922 conscii
916 1886 948 1921 ne
973 1870 997 1920 in

87 1939 230 2008 equuleum
242 1937 352 2006 qnidam
371 1937 486 2006 impositi
500 1955 593 1990 rerum
611 1937 782 1990 fatebunturl
817 1938 909 2006 Atqui⁶
920 1955 999 1990 nemo

87 2008 169 2076 parcit
181 2007 312 2074 morituro,
326 2022 376 2058 nec
389 2005 514 2074 cuiquam
526 2007 674 2077 moriturus,
688 2016 717 2059 ut
728 2007 827 2076 opinor.

122 2081 163 2128 38.
182 2076 225 2128 Ad
238 2091 331 2128 rerum
348 2074 449 2127 crimen
467 2075 540 2128 etad
553 2093 636 2128 unum
654 2076 840 2129 revertendum
859 2075 924 2128 mihi
942 2085 997 2128 est:

86 2161 133 2197 cur
152 2161 209 2197 rem
228 2143 346 2196 delatam
365 2143 399 2195 ad
420 2152 446 2196 te
468 2145 593 2198 tacuisti?
617 2161 664 2198 cur
683 2152 738 2197 tam
757 2159 865 2198 securus
883 2144 997 2198 audistil

86 2214 143 2268 Hoc
166 2214 350 2283 qualecunque
374 2223 422 2282 est,
443 2213 564 2266 confesso
588 2214 662 2283 milri,
683 2214 835 2284 ubicunque
859 2231 897 2283 es,
919 2215 998 2268 Alex·

85 2283 175 2352 ander,
206 2283 345 2335 remisisti:
380 2282 517 2335 dexteram
554 2293 627 2336 tuam
662 2283 808 2353 amplexus,
839 2283 998 2337 reconciliati

86 2353 181 2422 pignos
197 2352 288 2421 animi,
307 2351 425 2406 convivio
444 2369 548 2421 quoque
566 2353 679 2406 interlui.
726 2353 752 2406 Si
770 2353 905 2406 credidisti
923 2353 996 2424 mihi,

116 2515 121 2537 ¹
134 2507 182 2557 For
193 2508 234 2556 the
243 2507 405 2556 construction
417 2506 445 2554 of
456 2509 516 2561 licet,
530 2523 571 2554 see
584 2507 685 2570 Zumpt,
695 2507 708 2558 l
720 2511 772 2555 601.

114 2567 173 2616 'To
189 2568 243 2628 give
260 2567 301 2614 the
318 2566 380 2614 soree
392 2565 420 2612 of
432 2566 473 2612 the
489 2565 629 2626 gerundive,
643 2581 680 2613 we
694 2575 758 2614 must
771 2565 885 2614 translate
896 2565 952 2614 here
965 2568 997 2625 by

86 2628 127 2675 the
143 2628 220 2675 active
231 2626 314 2674 voice:
335 2625 479 2684 ‘especially
490 2625 556 2671 since
573 2640 617 2672 one
634 2624 712 2684 might
723 2625 784 2672 have
796 2626 857 2671 been
869 2625 944 2674 under
955 2625 996 2672 the

86 2687 206 2746 necessity
217 2685 245 2733 of
256 2685 354 2744 naming
365 2699 413 2738 me.
427 2699 489 2730 eren
499 2683 602 2743 salsely.’
635 2685 681 2732 See
696 2684 775 2732 Grom.
787 2683 861 2734 lm

115 2751 123 2774 ¹
137 2745 174 2792 ‘It
183 2761 234 2792 was
244 2754 286 2792 not
297 2743 358 2792 after
365 2744 405 2791 the
414 2741 541 2801 discovery
548 2743 599 2790 thet
607 2742 637 2790 he
646 2742 733 2802 passed
740 2756 797 2790 over
805 2756 846 2801 my
856 2757 940 2800 name3
953 2744 996 2790 bnt

85 2804 157 2852 when
184 2804 250 2864 iring
266 2803 416 2851 informetion
432 2811 457 2848 to
475 2801 649 2858 Nicomochus,
662 2801 726 2856 who,
740 2801 770 2869 he
783 2800 902 2855 believed,
915 2801 996 2850 would

86 2863 148 2921 keep
160 2820 200 2909 the
211 2875 298 2916 secret,
311 2863 342 2910 he
350 2860 436 2908 named
445 2859 476 2906 all
488 2860 529 2907 the
540 2861 631 2915 others,
642 2859 781 2919 concealing
792 2873 830 2906 me
842 2859 906 2919 only.
940 2860 994 2908 The
1011 2906 1016 2914 ,,

87 2929 92 2947 ‘
102 2921 153 2969 but'
166 2921 316 2981 introducing
326 2921 367 2969 the
379 2919 468 2967 second
475 2928 528 3024 part
538 2918 565 2967 cs
572 2919 632 2966 such
643 2935 657 2966 a
667 2928 780 2966 sentence
790 2934 816 2966 as
825 2917 882 2975 this,
894 2919 913 2966 is
922 2919 946 2966 in
954 2920 994 2967 the

86 2981 158 3028 Latin
169 2979 321 3039 rhetoricully
332 2978 441 3027 omitted.
494 2993 521 3024 ee
534 2977 595 3025 an
614 2987 632 3034 t,
645 2978 658 3028 l
670 2981 721 3026 781.

114 3045 122 3066 ⁴
134 3038 252 3097 Granting
264 3039 314 3086 tlrut
331 3039 434 3086 Dimnus
445 3052 509 3104 were
521 3037 571 3084 still
581 2993 653 3105 alive,
666 3036 713 3084 und
724 3035 817 3142 willing
827 3044 852 3084 to
863 3049 931 3104 spere
943 3053 991 3095 me,

85 3097 135 3146 will
146 3097 187 3145 the
198 3096 289 3152 others,
303 3098 373 3144 when
383 3095 521 3155 confessmg
538 3096 599 3143 therr
610 3111 666 3143 own
675 3095 745 3142 share
756 3110 780 3142 m
790 3104 800 3142 t
819 3110 832 3142 e
843 3110 991 3156 consprracy,

85 3158 147 3217 keep
158 3171 199 3215 my
207 3171 276 3203 neme
287 3155 429 3203 concenled!
458 3154 569 3210 lronical,
580 3154 693 3214 meaning
706 3153 763 3202 ‘No
773 3153 848 3201 doubt
860 3153 900 3201 the
912 3155 993 3203 othere

84 3216 135 3264 will
146 3230 214 3263 neme
231 3215 343 3262 me-but
359 3214 417 3272 they
428 3213 458 3260 do
474 3215 532 3260 not!
569 3213 664 3262 Viveret
674 3212 721 3262 and
730 3222 831 3276 parceret
842 3228 882 3261 ure
893 3227 991 3261 conces-

84 3276 135 3324 sive
147 3273 320 3334 suby'unctives.
353 3273 398 3320 See
413 3271 491 3319 Grani.
504 3273 517 3323 t
529 3275 579 3320 351.

113 3342 121 3366 ¹
132 3334 187 3382 'l'he
198 3331 324 3380 indicative
336 3331 412 3398 might
423 3330 475 3378 else
485 3331 546 3400 ltere
555 3331 627 3412 stood
636 3331 708 3379 here:
728 3336 734 3356 ⁴
745 3329 828 3378 When
835 3330 865 3378 he
875 3330 895 3378 is
904 3330 990 3380 endur-

83 3409 124 3484 ως
134 3391 334 3509 ‘theuioddddigdii
341 3391 445 3511 heddi}
451 3390 655 3508 dphilesdlditeeniiho
667 3448 687 3498 is
698 3445 800 3498 doomed
810 3458 836 3496 tc
846 3447 902 3496 die.'
