2410 3890
144 231 185 290 86
412 253 452 292 aa
475 252 583 292 casrrs
606 253 789 293 rrtaxrrrunr.

141 365 180 411 tot
198 357 302 412 milium
322 361 405 414 etiam
424 359 514 431 procul
533 360 659 413 stantium
679 375 757 412 aures
776 359 942 430 impleverat.
979 357 1056 412 Fluc-

142 427 211 482 tuari
234 429 322 482 animo
346 447 399 499 rex,
425 438 451 482 et
475 427 553 482 modo
576 447 662 498 suum,
688 428 766 482 modo
791 430 971 482 Parmenionis
995 443 1056 480 eon-

142 495 230 550 silium
244 500 313 550 sera¹
325 499 509 552 aestimatione
522 499 694 568 perpendere,
707 500 752 568 qui
773 516 805 568 pe
818 515 850 551 eo
862 509 971 551 ventum
990 505 1056 566 erat,

141 565 214 619 unde
227 567 307 646 recipi
320 569 458 636 exercitus,
472 569 521 621 nisi
533 569 623 637 victor,
636 569 692 621 sine
708 517 785 620 clade
803 585 853 621 non
871 577 969 637 posset.
1005 568 1058 619 Ita·

100 631 108 650 ⁸
141 651 203 704 que,
227 635 393 691 dissimulato
416 645 498 708 metu,
523 639 715 690 mercenarium
739 639 856 706 equitem
883 653 917 690 ex
941 635 1058 689 Paeonia

141 705 302 784 praeoedere
318 707 402 778 jubet.
439 708 498 776 lpse
517 707 684 776 phalangem,
704 707 773 760 sicut
790 717 868 759 antea
886 707 988 760 dictum
1006 715 1056 775 est,

141 791 169 826 rn
181 774 232 827 duo
245 791 342 829 cornua
353 777 526 830 extenderat:
546 786 688 846 utrumqne
706 792 786 830 cornu
799 778 904 846 equites
921 776 1057 844 tegebant.
1101 809 1103 812 -

142 843 256 914 Jamque
275 846 380 899 nitidior
392 847 444 915 lux,
458 845 578 898 discussa
595 846 717 915 caligine,
731 847 818 898 aciem
836 847 951 905 hostium
969 855 1057 898 osten-

142 911 224 982 derat,
239 923 266 967 et
278 915 449 983 Macedones,
463 915 520 967 sive
532 915 677 984 alacritate,
688 915 743 968 sire
756 914 843 968 taedio
855 933 889 968 ex
908 915 1056 982 ectationis,

143 983 280 1050 ingentem
292 985 464 1054 pugnantium
477 1001 550 1038 more
568 983 677 1037 edidere
694 985 848 1037 clamorem.
923 983 1012 1037 dditns
1029 991 1058 1036 et

142 1067 159 1103 a
171 1053 265 1122 Persis,
279 1071 388 1108 nemora
400 1054 538 1123 vallesque
556 1053 741 1124 circumjectas
758 1053 868 1107 terribili
886 1069 950 1107 sono
963 1053 1056 1124 imple·

141 1131 224 1174 verat.
260 1123 319 1176 Nec
336 1123 392 1192 jam
413 1123 540 1176 contineri
561 1123 726 1176 Macedones
780 1133 872 1193 terant,
893 1124 957 1194 quin
977 1139 1057 1176 cursu

142 1195 248 1261 quoque
271 1191 306 1244 ad
327 1191 432 1246 hostem
455 1193 653 1246 contenderent.
698 1193 799 1247 Meins
822 1193 911 1246 adhuc
934 1201 1005 1246 ratus
1029 1192 1056 1245 in

142 1260 239 1314 eodem
252 1261 353 1314 tumulo
365 1271 452 1316 castra
469 1262 572 1316 munire
593 1263 701 1316 vallum*
711 1261 764 1333 jaci
781 1261 876 1331 jussit:
896 1270 1057 1330 strenueque

142 1344 222 1398 opere
239 1329 366 1401 perlecto,
379 1332 406 1384 in
424 1331 569 1385 tabernaeu
580 1349 635 1402 um,
653 1349 687 1386 ex
705 1348 757 1402 quo
775 1340 829 1384 tota
847 1332 921 1386 acies
939 1331 1058 1384 hostium

142 1399 361 1471 conspiciebatur,
375 1402 509 1454 successit.

177 1473 220 1520 47.
239 1469 308 1524 Tum
327 1486 389 1523 vero
406 1471 530 1524 universa
548 1470 628 1523 futuri
647 1469 806 1526 discriminis
824 1470 910 1523 facies
926 1469 952 1524 in
971 1470 1058 1524 oculis

143 1545 214 1591 erat:
238 1536 321 1592 annis
343 1539 489 1608 insignibus
508 1540 569 1610 equi
589 1540 692 1610 virique
716 1540 900 1610 splendebant,
920 1551 947 1592 et
967 1541 1057 1594 omnia

143 1606 281 1660 intentiore
305 1625 368 1662 cura
391 1611 541 1680 praeparari
569 1610 639 1678 apud
668 1609 781 1680 hostem,
806 1608 955 1662 sollicitudo
984 1627 1057 1680 prae·

143 1685 229 1730 torum
246 1678 353 1746 agmina
370 1695 418 1732 sua
436 1679 678 1748 interequitantium
695 1678 860 1748 ostendebat,
879 1695 911 1732 ac
930 1679 1056 1750 pleraque

143 1746 239 1828 inania,
253 1747 322 1800 sicut
339 1747 461 1801 fremitus
478 1748 622 1817 hominurn,
635 1764 765 1818 equorum
783 1748 907 1818 hinnitus,
921 1765 1057 1804 armorum

143 1815 352 1870 internitentium
372 1817 464 1887 fulgor,
484 1817 596 1870 sollicita
616 1819 799 1887 expectatione
823 1827 942 1872 mentem
968 1817 1056 1872 turba-

142 1895 245 1939 verant.
280 1887 363 1956 igitur
380 1887 436 1941 sive
454 1886 552 1941 dubius
570 1887 673 1958 animi,¹
691 1887 746 1940 sive
764 1897 793 1940 ut
812 1905 873 1941 suos
884 1889 1055 1958 experiretur,
1076 1953 1078 1958 Ι

143 1955 281 2010 consilium
305 1956 422 2038 adhibet,
446 1956 510 2026 quid
541 1957 672 2027 optimum
701 1957 776 2011 sactu
800 1966 879 2026 esset,
904 1958 1055 2026 exquirens.

144 2025 291 2095 Parmenio,
310 2027 486 2096 peritissimus
504 2027 570 2079 inter
588 2026 672 2080 duces
689 2028 786 2080 artium
805 2026 888 2096 belli,¹
905 2027 982 2095 furto,
1002 2043 1054 2079 non

163 2094 268 2148 roelino
289 2111 319 2148 us
331 2111 391 2149 esse
403 2095 545 2149 censebat:
565 2095 726 2166 intempesta
743 2099 831 2150 nocte⁴
848 2096 961 2167 opprimi
977 2113 1056 2166 posse

142 2112 250 2218 bostes:
264 2113 400 2219 discordes
411 2165 535 2236 moribus,
549 2163 652 2234 linguis,
663 2165 697 2218 ad
711 2164 760 2218 hoc
769 2183 860 2218 somno
873 2175 899 2219 et
913 2166 1055 2236 improviso

143 2234 261 2304 periculo
279 2235 388 2303 territos,
408 2235 513 2303 quando
534 2234 560 2286 in
581 2243 707 2287 nocturna
729 2235 901 2306 trepidatione
919 2236 1055 2289 coituros?

143 2305 180 2355 At
200 2302 314 2356 interdiu
333 2305 451 2372 primurn
471 2302 601 2357 terribiles
621 2321 775 2358 occursuras
794 2303 878 2358 iacies
896 2303 1055 2375 Scytharum

144 2371 409 2441 Bactrianorumque:
428 2371 498 2425 hirta
510 2372 562 2425 illis
573 2389 618 2424 ora
630 2382 656 2425 et
669 2374 786 2427 intonsas
797 2390 888 2426 comas
901 2391 968 2444 esse,
979 2391 1054 2444 prae-

144 2449 217 2494 terea
230 2441 358 2496 eximiam
370 2444 516 2494 vastomm⁶
527 2441 738 2511 magnitudinem
752 2459 898 2512 corporum.
934 2444 1016 2498 Vanis
1028 2452 1055 2497 et

143 2511 276 2565 inanibns⁶
288 2511 404 2564 militem
416 2513 500 2580 magis
511 2529 594 2582 quarn
604 2512 684 2582 justis
693 2511 839 2565 formidinis
848 2513 937 2566 causis
945 2514 1054 2566 moveri.

172 2672 178 2694 ¹
191 2665 243 2715 Not
254 2666 346 2736 merely
359 2665 442 2722 ‘lata’
454 2666 497 2714 but
512 2671 569 2714 ‘too
579 2664 645 2714 late’
678 2665 733 2714 The
749 2665 893 2735 descriptiva
905 2667 1023 2716 infinitiva
1034 2668 1056 2716 is

142 2737 201 2786 very
209 2725 385 2806 appropriately
393 2725 521 2786 employed
532 2725 589 2774 here
601 2736 626 2774 to
637 2739 736 2786 express
745 2725 786 2773 the
795 2726 924 2776 continued
933 2726 1056 2776 condition

142 2784 452 2951 of:t,lqeoequr{,ql,sstp„tqr,ql,mo,
474 2844 520 2892 See
533 2843 740 2951 Zumpqlpl‘qh
796 2902 801 2912 Ι
1011 2904 1027 2953 d

141 2905 1055 3098 restittitiiiiiitttijiltiii{iiiiii

139 3077 1052 3210 alitia,ltdttttttltltttltgtttttttdittulsstttt

140 3205 277 3260 inconperta
288 3214 342 3252 aaa,
353 3212 380 3244 or
388 3200 524 3268 admediana
533 3207 628 3253 wem,
640 3212 697 3266 near
707 3196 841 3266 rnrdnrght;
854 3197 900 3270 and
911 3202 986 3270 predia
996 3218 1052 3250 nox.

140 3257 213 3305 'l'hen
228 3253 341 3304 followed
357 3259 385 3304 de
399 3259 475 3304 medan
490 3266 562 3312 node,
580 3256 641 3304 aster
656 3255 790 3324 mrdnrght3
824 3259 964 3314 allatarum,
975 3259 1051 3327 coek-

139 3331 229 3425 ,qquvqie
244 3313 461 3434 Ipttqsspppgqtapcte
471 3330 526 3374 may
537 3317 568 3363 be
584 3313 715 3364 translated
731 3329 756 3363 m
771 3330 785 3363 a
810 3330 866 3363 oose
878 3331 941 3377 way,
957 3322 998 3366 ‘tn
1008 3318 1051 3367 the

165 3392 173 3424 r
240 3390 256 3423 o
402 3409 409 3420 .

190 3439 196 3460 ι
306 3433 312 3455 i
329 3437 335 3459 ι
463 3432 470 3454 l
485 3436 491 3458 ι
605 3433 612 3454 t

167 3431 690 3553 lTbgblgb'raybbdbdbbnotcblenbbyn'nected
700 3491 760 3542 with
775 3495 863 3550 courir,
877 3495 921 3542 bnt
937 3495 968 3544 ba
982 3493 1050 3544 abln-
