2264 3880
152 266 210 322 ³08
420 279 459 318 us
483 277 590 318 casrts
612 275 795 316 sanassent.

152 389 286 456 incognita
304 405 393 456 causa,
407 387 521 456 captivis
538 387 592 438 suis
610 384 775 451 ducentibus,
794 381 947 434 trahuntur
967 378 1006 432 ad
1024 395 1075 448 poe

151 457 229 512 nam!
268 457 294 509 Si
315 466 427 510 mortem
448 457 577 510 meruisse
596 455 709 535 judicas,
732 453 830 506 saltem
853 451 1006 503 ministros
1024 463 1074 515 sup

169 527 222 579 licii
241 535 323 579 muta.
360 528 456 580 Amico
474 529 569 592 attimo,
584 543 605 576 si
624 523 680 576 veri
700 524 802 592 patiens
821 522 934 585 suisset,
951 520 1074 570 admone

187 608 235 664 tur,
256 596 303 649 sed
324 596 351 648 in
374 596 483 649 rabiem¹
505 596 544 647 ira
563 601 729 662 pervenerat.
766 593 861 660 ltaque
887 607 989 642 rursus
1010 589 1074 666 (nata

151 682 292 734 parumper
315 665 412 734 quibus
436 666 593 734 imperatum
619 673 674 716 erat
698 661 915 780 dubitaveranq,
941 671 1073 734 mergtttt

149 751 266 803 amnem,
288 735 356 787 sicut
377 735 458 786 vincti
479 732 666 802 eranqjussit.
702 733 744 784 Ne
765 729 816 782 hoc
837 729 885 797 qui
909 745 960 780 ern
986 726 1072 795 suppl-

150 806 222 857 cium
242 804 399 856 seditionem
423 803 538 856 militum
557 805 649 854 movit.
683 802 808 868 Namque
828 800 982 868 copiarum
1001 798 1073 848 duces

149 880 175 926 at
197 892 231 926 ue
255 875 355 926 amicos
379 872 437 942 ejus
461 873 588 941 manipuli
619 871 719 923 adeunt
742 877 877 942 petentes,
907 877 938 920 ut
968 867 993 920 si
1018 881 1074 942 quos

150 891 239 996 adhuc
252 943 361 1012 pristina
374 959 442 994 noxa
453 941 585 1010 judiearet
598 959 657 992 esse
671 949 813 1006 contactos,
826 937 944 1008 juberet
955 935 1073 1004 interfici,

150 1012 246 1066 offerre
259 1029 288 1064 se
301 1028 408 1081 corpora
422 1012 483 1081 irae,
498 1011 641 1064 trucidaret
678 1012 695 1046 *³
731 1011 749 1044 ⁴*
786 1009 802 1044 ⁴*

423 1177 608 1210 surrmusrtvtttt
630 1175 792 1210 rasmstmmt.

184 1255 305 1318 [Tandem
317 1271 375 1316 prae
386 1255 467 1302 dolore
475 1255 516 1302 vix
528 1255 618 1302 mentis
629 1260 751 1316 compotes
761 1251 868 1300 universi
880 1257 1041 1299 concurrunt
1049 1249 1074 1296 ad

151 1321 254 1381 regiam,
266 1320 389 1381 armisque
401 1326 457 1367 ante
470 1320 531 1367 fores
544 1320 663 1383 projectis,
671 1318 773 1368 mulcati
785 1323 908 1373 astantes,
917 1317 994 1364 nuda
1006 1322 1031 1364 et
1040 1317 1073 1362 ob

151 1386 225 1434 noxia
235 1385 316 1445 poenis
324 1401 424 1446 corpora
432 1385 529 1433 admitti
538 1383 625 1432 flentes
633 1386 742 1432 orabant
766 1381 822 1430 Non
829 1399 856 1430 se
865 1383 1015 1444 deprecari,
1022 1381 1072 1444 quin

151 1450 277 1511 suppliciis
289 1449 396 1497 sontium
408 1449 569 1510 expiarentur,
579 1465 641 1512 quae
653 1465 696 1511 per
705 1448 890 1496 contumaciam
906 1447 1072 1510 deliquissent

151 1514 228 1578 Regis
238 1514 391 1563 iracundiam
399 1515 447 1562 sibi
455 1520 532 1564 morte
540 1515 671 1563 tristiorem
680 1530 741 1562 esse.
758 1514 868 1575 Cumque
876 1513 934 1560 dies
943 1521 1072 1574 noctesque

151 1587 208 1628 ante
218 1579 313 1644 regiam
323 1580 486 1642 persistentes,
494 1580 629 1628 miserabili
637 1580 743 1628 clamore
751 1579 884 1640 habituque
893 1579 1070 1640 poenitentiam

151 1663 221 1695 suam
228 1647 399 1707 approbarent;
407 1646 507 1694 biduum
513 1652 597 1692 tamen
603 1646 718 1693 adversus
724 1643 868 1692 humilimas
876 1659 988 1690 suorum
995 1658 1070 1705 preces

151 1711 280 1760 iracundia
288 1712 354 1774 regis
363 1711 465 1759 duravit
489 1709 576 1758 Tertio
584 1709 624 1757 die
633 1710 710 1758 victus
720 1708 859 1757 constantia
867 1709 1018 1770 supplicum
1028 1724 1070 1770 pro

151 1773 1070 1838 cessit,ineusataqueleniterexercitusimmodestia‚nonsinemultisutrin·
1102 1805 1103 1808 =

151 1858 197 1904 que
209 1841 325 1899 lacrimis,
337 1841 364 1888 in
375 1841 482 1905 gratiam
495 1857 521 1888 se
539 1856 596 1888 curn
606 1840 666 1902 ipsis
678 1841 756 1887 redire
769 1839 892 1901 professus
905 1844 954 1886 est.
995 1839 1070 1902 Digne

151 1913 233 1954 tamen
241 1923 280 1957 res
287 1907 340 1954 visa
347 1913 457 1969 estquae
463 1905 595 1971 majoribus
601 1905 688 1954 hostiis
695 1905 839 1966 expiaretur.
855 1903 946 1966 Itaque
956 1903 1070 1951 sacrificio

152 1972 282 2036 magnifice
290 1978 435 2034 perpetrato,
441 1972 604 2020 Macedonum
613 1971 687 2019 simul
695 1969 872 2031 Persarumque
879 1969 1012 2030 primores
1019 1967 1070 2015 invi-

151 2038 212 2086 tavit
223 2039 254 2085 ad
266 2037 356 2099 epulas.
389 2037 483 2085 Novem
495 2037 565 2084 milia
577 2052 605 2084 eo
617 2036 727 2084 convivio
744 2034 876 2096 excepisse,
889 2033 1023 2095 proditum
1041 2040 1071 2080 est

152 2103 292 2156 memoriae,
301 2112 389 2164 'eosque
402 2119 486 2150 ornnes
499 2102 617 2150 invitante
628 2117 688 2165 rege
700 2117 730 2148 ex
742 2101 827 2148 eodem
840 2105 937 2147 cratere
951 2099 1070 2155 libavime,

151 2167 253 2214 Graecis
262 2167 417 2228 barbarisque
429 2167 524 2215 vatibus
536 2173 589 2214 tum
601 2165 651 2214 alia
663 2167 744 2214 fausta
755 2171 811 2212 vota
822 2165 1015 2226 praeeuntibus,
1025 2171 1070 2212 tum

152 2231 274 2293 imprimis
282 2238 345 2278 utea
354 2232 479 2294 utriusque
489 2231 587 2294 imperii
596 2231 621 2278 in
631 2232 697 2279 idem
706 2246 793 2292 corpus
804 2229 895 2277 coalita
903 2231 1017 2278 societas
1025 2245 1070 2292 per-

152 2303 226 2358 petua
238 2296 305 2342 foret.
340 2295 464 2344 Maturata
476 2298 564 2345 deinde
582 2302 619 2344 est
630 2297 759 2360 missio,·et
771 2294 961 2343 infirmissimus
974 2296 1070 2358 quisque

152 2361 310 2410 exauctorati.
344 2362 488 2409 Amicorum
499 2378 590 2424 quoque
602 2363 726 2409 seniorum
738 2360 883 2423 quibusdam
902 2367 1069 2408 commeatum

153 2427 226 2475 dedit.
244 2425 282 2474 Ex
290 2425 344 2486 quis
351 2426 429 2474 Clitus
438 2433 599 2490 cognomento
608 2428 685 2475 Albus
693 2425 845 2489 Gorgiasque
855 2430 880 2472 ct
888 2423 1069 2488 Polydamasct

152 2492 291 2556 Antigenes
298 2491 372 2538 fuere.
389 2491 543 2539 Abeuntibus
550 2509 599 2540 non
606 2493 678 2540 modo
686 2491 811 2556 praeteriti
820 2489 941 2552 temporis
949 2491 1068 2552 stipendia

152 2573 210 2606 cum
219 2557 265 2605 tide
275 2556 394 2618 persolvit,
403 2571 486 2604 verum
495 2557 571 2604 etiam
584 2559 703 2607 talentum
713 2556 803 2621 adjecit
813 2556 838 2602 in
847 2555 965 2618 singulos
976 2556 1068 2613 milites,

152 2623 236 2670 viatici
245 2622 351 2670 nomine.
363 2621 439 2669 Filios
445 2638 475 2669 ex
481 2623 599 2671 Asiaticis
605 2623 719 2671 uxoribus
726 2627 849 2684 susceptos
858 2621 900 2679 (ad
908 2621 1000 2668 decem
1007 2622 1069 2668 milis

153 2687 228 2734 t'uisse
240 2689 377 2750 naduntur)
396 2688 459 2748 apud
477 2705 502 2734 se
520 2687 623 2748 relinqui
635 2687 717 2750 jussit,
729 2703 760 2734 ne
777 2686 805 2734 in
823 2683 1006 2734 Macedoniam
1018 2701 1068 2734 cum

153 2753 294 2813 parentibus
305 2752 459 2816 transgressi,
471 2759 496 2800 et
507 2753 653 2816 conjugibus
670 2752 800 2814 liberisque
812 2749 936 2812 prioribus
949 2751 1068 2811 permixti,

153 2816 260 2864 familias
283 2819 434 2880 singulorum
453 2817 647 2865 contentionibus
665 2823 690 2864 et
708 2816 837 2864 discordiis
854 2815 1008 2875 implerent3
1026 2816 1068 2864 sibi

152 2896 227 2928 curae
239 2883 290 2929 fore
303 2883 431 2944 pollicitus,
443 2888 470 2930 ut
481 2882 560 2944 patrio
572 2897 638 2930 more
649 2881 756 2930 instituti
774 2880 877 2928 miiitiae
895 2881 973 2928 ardes
990 2884 1068 2930 eduee-

153 2952 242 2993 rentur.
261 2947 299 2994 lta
309 2963 381 3009 supra
389 2949 473 2996 decem
481 2953 650 2994 veteranorum
658 2947 836 2994 miliedimissa
844 2945 1067 3008 sunt3additusque

152 3016 191 3058 est
200 3011 321 3070 Craterus,
333 3013 373 3074 qui
386 3029 426 3061 eos
439 3013 576 3070 deduceret,
588 3028 618 3061 ex
629 3011 768 3074 praecipuis
779 3011 846 3075 regis
857 3009 957 3060 amicis.
994 3013 1039 3061 cet
1050 3013 1068 3058 si

151 3076 210 3139 quid
221 3077 363 3124 humanitus
373 3078 510 3135 accidisset,
519 3077 707 3141 Polyperchonti
715 3093 801 3138 parere
810 3075 871 3141 jussi
881 3082 947 3124 sunt.
974 3077 1068 3126 [itteris

152 3142 229 3190 etiam
241 3143 272 3189 ad
281 3137 440 3203 Antipatrum
449 3142 550 3205 scriptis,
559 3143 675 3190 honorem
685 3143 795 3189 emeritis
805 3141 890 3188 haberi
900 3144 1036 3205 praecepit,
1044 3149 1068 3190 ut

150 3263 200 3312 find
211 3263 297 3310 alittle
309 3261 377 3310 alter.
410 3263 554 3324 Something
568 3273 633 3312 must
649 3264 712 3312 have
729 3267 792 3312 been
807 3265 860 3312 said
876 3263 904 3312 of
917 3265 970 3314 this
988 3268 1012 3316 in
1028 3269 1064 3316 the

152 3332 207 3408 pall
216 3322 282 3438 lltlly
290 3380 307 3435 ;’
321 3381 404 3434 rabies,
417 3378 478 3426 used
486 3379 543 3426 here
554 3389 580 3428 to
590 3395 690 3438 express
699 3380 740 3429 the
750 3381 849 3442 highest
858 3381 970 3442 possible
982 3384 1063 3446 degree

152 3435 181 3484 ol
192 3451 299 3496 passion,
312 3437 450 3496 commonly
461 3437 513 3484 said
523 3437 551 3486 of
563 3439 618 3486 mad
629 3438 697 3500 dogs.
