2264 3880
452 271 543 314 arran
563 274 605 314 rx.
720 271 724 276 ·
923 253 994 317 Μ’

71 386 170 456 quaeri,
183 396 264 454 quarn
276 383 374 437 multos
386 383 454 436 serrl
464 383 581 453 ipsorum
593 383 726 454 persecuti
738 383 797 454 sint,
808 382 870 454 quid
883 383 981 453 cuique

72 456 185 524 supersit
197 469 230 506 err
243 452 351 522 praeda.
380 453 504 506 Omnium
517 453 630 506 victores
641 453 760 506 omnium
772 453 864 524 inopes
877 469 979 506 sumus.

71 525 130 578 Neo
142 523 245 576 luxuria
257 522 414 590 laboramus,
428 521 475 574 sed
494 522 563 575 bello
578 521 754 576 instrumenta
766 523 829 575 belli
841 539 981 594 consump-

73 594 166 646 simus.
201 593 280 644 Huuc
303 600 330 644 tu
355 590 561 661 pulcherrimum
584 592 730 644 exercitum
750 592 851 645 nudum
871 591 982 661 objicies

71 662 177 717 heluisi
190 677 300 732 quarum
311 669 338 713 ut
348 661 543 714 multitudinem
555 671 670 741 augeant
680 661 715 713 de
728 660 856 715 industria
867 661 979 732 barbari,

72 749 200 800 magnum
219 740 308 783 tamen
326 745 386 782 esse
404 747 545 784 numerum
562 739 644 784 ettam
657 747 691 783 ex
702 731 842 783 mendacio
854 729 979 798 intelligo.

72 801 173 859 Quodsi
185 800 273 854 adhuc
285 808 423 869 penetrare
436 800 463 853 in
475 799 579 855 Indiam
589 809 692 852 certum
701 809 748 869 est,
762 800 833 868 regio
841 815 858 850 a
866 799 992 852 Meridie·

73 872 164 922 minus
175 879 249 921 vasta
261 877 309 936 est,
323 884 376 938 qua
388 869 499 923 subacta
512 869 600 922 licebit
613 868 754 922 decurrere
772 869 799 922 in
817 868 881 921 illud
898 885 980 938 mare,

73 940 144 1008 quod
163 938 241 991 rebus
259 937 383 990 humanis
401 940 543 992 terminum
554 937 637 991 voluit
656 955 716 991 esse
732 947 834 991 natura.
871 938 922 989 Cur
933 938 981 989 cir-

74 1009 148 1060 cuitu
160 1007 228 1086 petis
239 1007 357 1077 gloriam,
371 1023 439 1074 quae
456 1007 490 1060 ad
508 1024 617 1061 manum
637 1008 720 1076 posita
739 1008 798 1062 esti
818 1007 862 1060 hio
877 1021 982 1076 quoque

73 1085 186 1130 occurrit
203 1078 333 1130 Oceanus.
370 1075 428 1128 Nisi
448 1077 534 1129 mavis
553 1093 646 1145 errare,
666 1078 844 1146 pervenimus,
864 1093 915 1144 quo
935 1085 993 1127 tua'

74 1145 276 1200 fortunaducit.¹
302 1145 376 1197 Haec
384 1155 481 1214 tecum,
491 1161 572 1214 quam
580 1145 637 1198 sine
647 1153 672 1198 te
682 1163 742 1199 oum
752 1145 801 1215 bis,
812 1146 881 1214 loqui
891 1144 981 1214 maloi,

73 1233 125 1270 non
138 1215 176 1268 uti
189 1215 282 1267 inirem
294 1215 490 1267 circumstantis
505 1215 637 1268 exercitus
653 1217 774 1284 gratiam,
788 1215 835 1267 sed
847 1224 875 1267 ut
887 1229 983 1266 vocem

75 1285 239 1355 loquentium
252 1284 345 1353 potius,
359 1299 439 1352 quam
452 1281 581 1352 gemitum
592 1285 813 1338 murmurantium
825 1283 940 1337 audires.

113 1359 150 1406 13.
170 1353 205 1407 Ut
228 1353 310 1406 finem
333 1351 441 1404 orationi
465 1353 569 1406 Coenus
591 1353 723 1424 imposuit,
743 1353 841 1407 clamor
864 1353 983 1422 undique

74 1440 137 1476 curn
156 1423 256 1492 ploratu
275 1422 361 1490 oritur,
375 1437 465 1490 regern
480 1430 590 1492 patrem,
603 1421 750 1493 dominum,
764 1423 879 1475 confusis
891 1422 983 1491 appel·

74 1494 142 1546 tium
155 1492 272 1544 vocibus.
308 1491 422 1561 Jamque
438 1499 466 1543 et
482 1490 528 1544 alii
545 1491 636 1560 duces,
649 1493 845 1571 praecipueque
857 1493 979 1561 seniores,

74 1563 135 1631 quis
157 1561 191 1613 ob
213 1568 330 1614 aetatem
354 1569 381 1613 et
404 1561 539 1613 excusatio
559 1560 692 1614 honestmr
711 1569 774 1629 erat,
796 1570 822 1612 et
841 1560 984 1612 auctoritas

75 1630 165 1700 major,
180 1629 273 1682 eadem
287 1629 471 1699 precabantur.
496 1629 555 1682 'Ille
568 1646 618 1682 neo
630 1629 759 1698 castigare
771 1629 983 1698 obstinatos,nec

74 1702 196 1768 mitigare
214 1707 316 1768 poterat
331 1699 418 1750 iratos.
454 1699 547 1768 Itaque
558 1698 600 1750 inc
620 1698 745 1751 scansilii
757 1697 863 1750 desiluit
875 1715 890 1750 e
904 1697 982 1750 tribu*

74 1770 135 1836 nali,
148 1768 236 1821 claudi
256 1783 289 1819 ue
308 1767 410 1835 regium
427 1765 511 1836 jussit,
524 1716 648 1820 omnidbs
662 1775 766 1846 praeter
777 1775 897 1820 assuetos
909 1765 983 1819 adire

75 1837 220 1908 prohibitis.
269 1836 362 1894 iduum
374 1837 428 1887 irae
440 1834 532 1887 datum
545 1843 600 1888 est:
613 1844 689 1888 tertio
701 1835 745 1888 die
757 1837 891 1905 processit,
905 1835 983 1904 erigi-

75 1923 128 1977 que
148 1907 197 1958 Xll
216 1921 277 1956 aras
296 1920 330 1958 ex
353 1903 480 1973 quadrato
504 1920 566 1956 saxo
586 1915 787 1957 monumentum
809 1904 984 1974 expeditionis

76 1992 141 2028 suae
162 1974 329 2027 munimenta
340 1989 445 2043 quoque
457 1982 601 2026 castrorum
613 1971 689 2042 jussit
701 1973 817 2044 extendi,
830 1973 982 2042 cubiliaque

76 2013 211 2113 amplioris
233 2041 343 2112 fonnae,
364 2057 444 2110 qoam
465 2057 514 2112 pro
527 2053 671 2110 'corporum
695 2041 794 2109 habitu,
814 2042 932 2111 relinqui,
952 2049 983 2094 ut

76 2113 197 2184 speciem
216 2112 334 2164 omniurn
353 2119 469 2179 augeret,
489 2109 633 2180 posteritati
649 2109 731 2163 fallax
751 2111 907 2165 miraculum
925 2127 983 2182 pre·

75 2197 180 2253 parans.
215 2179 284 2233 Hinc
302 2189 424 2250 repetens
441 2195 509 2249 quae
527 2195 658 2232 emensus
670 2187 725 2232 erat
750 2179 784 2232 ad
801 2180 903 2234 flumen
914 2181 983 2232 Ace·

77 2252 162 2304 sinam
183 2249 252 2302 locat
271 2258 365 2303 eastra.
401 2247 442 2302 Ibi
462 2249 528 2301 forte
548 2248 652 2302 (loen-us
671 2218 761 2302 morbo
782 2250 915 2302 extinctus
932 2257 982 2302 est.

77 2319 159 2390 Cujus
182 2327 266 2372 morte
288 2319 418 2388 ingemuit
434 2313 545 2398 'quidem
564 2324 618 2388 rex,
639 2317 738 2389 adjecit
758 2325 857 2387 tamen,
878 2327 984 2388 propter

112 2405 176 2441 uccs
192 2388 250 2441 dies
267 2387 373 2458 longam
390 2395 534 2458 orationem
552 2405 615 2442 eum
628 2405 758 2457 exorsum,
773 2397 898 2458 tanquam
911 2387 984 2440 solus

110 2457 264 2510 acedoniam
277 2458 381 2510 visurus
392 2465 470 2510 esset.
507 2459 566 2510 lam
583 2459 610 2510 in
622 2475 691 2526 aqua
704 2457 804 2526 elassis,
837 2473 899 2509 uarn
911 2455 988 2508 aedi·

77 2526 161 2582 ficarif
177 2526 299 2596 jusserat,
319 2527 413 2579 stabat.
449 2525 520 2578 Inter
539 2526 606 2578 haec
624 2528 751 2580 Memnon
772 2543 806 2580 ex
849 2525 938 2578 bracia
956 2525 983 2578 in

77 2597 291 2667 supplementum
316 2597 435 2665 equitum
459 2595 484 2646 V
506 2593 587 2664 milia,
612 2605 715 2664 praeter
740 2613 786 2647 eos
809 2595 844 2648 ab
868 2592 984 2662 Harpalo

77 2667 198 2737 peditum
215 2674 319 2736 septem
337 2664 411 2718 milia
428 2663 582 2732 adduxerat,
601 2681 674 2717 arma
693 2681 727 2716 ue
745 2664 816 2716 XXV
830 2663 903 2715 milia
920 2677 985 2714 auro

77 2747 104 2789 et
122 2744 229 2804 argento
247 2733 350 2787 caelata
367 2732 517 2803 pertulerat,
533 2732 594 2801 quia
610 2732 682 2785 distri
703 2733 756 2786 utis
767 2741 858 2784 vetera
870 2730 983 2784 cremari

76 2804 162 2875 jussit.
198 2803 274 2858 Mille
297 2803 409 2871 navigiis
431 2801 549 2855 aditurus
571 2802 715 2866 Oceanum,
734 2801 921 2870 discordesque
944 2799 984 2854 οῖ’

77 2882 168 2926 vetera
190 2873 250 2926 odia
273 2879 446 2926 retractantes
471 2871 567 2925 Porum
590 2879 617 2924 et
640 2870 759 2940 Taxilen,
784 2869 874 2924 Indiae
898 2887 982 2940 reges,

107 2992 134 3017 tt

78 2987 287 3114 dreapyqeesnscped
297 3047 338 3096 tho
349 3048 416 3107 point
427 3056 452 3095 to
463 3046 543 3095 irhich
558 3061 619 3106 your
628 3045 724 3094 fortune
734 3044 800 3093 laada
809 3061 838 3094 us
846 3045 862 3103 ;’
874 3044 981 3105 namely,

78 3105 119 3153 the
131 3105 216 3152 Indran
228 3105 317 3154 Ooean.

106 3163 245 3222 acompare
256 3164 288 3212 ix.
301 3168 322 3212 1.
353 3164 403 3213 But
421 3164 446 3213 iu
464 3164 516 3213 that
532 3179 588 3224 pass
620 3161 691 3212 etha
707 3163 791 3212 author
807 3161 882 3222 spoke
899 3161 927 3211 of
940 3161 983 3210 the

78 3221 216 3282 Hydaspes,
229 3221 276 3270 aod
291 3223 309 3270 it
321 3238 371 3271 was
387 3239 419 3272 on
434 3223 475 3271 the
491 3222 569 3272 books
584 3239 599 3270 o
623 3221 677 3270 tbat
693 3222 756 3271 river
765 3231 806 3270 too
817 3221 869 3269 that
881 3221 921 3268 the
933 3230 983 3270 two

77 3281 146 3332 citios
157 3281 205 3328 had
216 3280 272 3329 latel
300 3283 361 3330 been
371 3281 483 3330 founded.
514 3280 663 3337 Alexander,
676 3280 804 3336 therefore,
817 3279 934 3340 probably
943 3293 981 3328 re·

76 3339 164 3390 turned
173 3349 198 3388 to
206 3339 246 3388 tha
281 3340 392 3400 ydaspes,
403 3341 448 3389 and
458 3340 589 3389 emberked
598 3356 629 3389 οη
637 3340 689 3389 that
698 3341 768 3389 river.
786 3339 865 3387 Perha
883 3354 903 3394 s,
914 3337 982 3386 how·

76 3415 142 3455 ever,
154 3398 254 3447 another
263 3399 318 3448 fleet
328 3415 378 3448 was
389 3400 460 3461 being
469 3399 529 3448 built
539 3409 562 3448 at
572 3399 613 3448 the
622 3415 688 3447 same
698 3400 756 3448 tirno
765 3412 797 3448 on
805 3397 846 3446 the
880 3397 982 3446 cesinas.

105 3463 114 3488 ¹
128 3459 230 3521 Quo-et
241 3468 355 3508 connects
366 3459 387 3508 si
421 3458 443 3506 lo
454 3458 548 3517 words;
560 3474 643 3516 never,
655 3459 777 3518 however,
790 3457 816 3506 in
827 3455 922 3514 Cicero,
935 3453 983 3506 and

77 3517 119 3566 but
130 3518 208 3578 rarely
219 3517 243 3566 in
255 3518 362 3568 Curtius.
413 3533 441 3567 ee
453 3517 549 3578 Zumpt,
563 3517 636 3572 §338.

182 3582 212 3633 18

260 3004 291 3036 ou
307 2987 390 3037 intend
406 2997 431 3036 to
447 3001 586 3036 commones
597 2985 689 3034 further
699 2985 859 3046 wanderiogs,
872 3001 909 3034 we
920 2985 984 3034 have
