2410 3890
435 204 440 208 ’
513 217 515 222 ’
557 226 648 264 arasa
664 213 707 264 iv.
1049 205 1088 264 85

175 341 244 388 trum
275 333 400 388 tenebant
429 334 500 386 natio
533 334 638 402 majoris
669 333 821 404 Armeniae,
852 333 1034 413 Cadusiique,¹
1064 339 1091 385 et

175 401 357 474 cappadoces,
377 413 404 456 et
427 403 494 473 Syri,
514 420 546 455 ac
570 405 653 456 Medi.
689 405 738 456 His
758 421 862 472 quoque
887 402 977 455 faloatr
1000 419 1091 455 currus

175 474 365 548 qninquaginta
383 484 465 526 erant.
502 474 611 525 Summa
630 475 708 526 totins
726 477 866 538 exercitus,
887 473 991 542 equites
1009 473 1091 542 quad-

176 545 277 612 raginte
295 543 411 612 quinque
431 543 512 611 milia,
526 542 655 610 pedestris
674 544 746 594 acies
764 543 879 594 ducenta
898 542 983 594 milia¹
1001 541 1089 611 errple-

176 622 258 665 verat.
294 613 350 664 Hoc
364 613 441 664 modo
460 612 578 664 instructi
597 611 692 664 decem
712 612 796 664 stadia
808 613 960 680 procedunt,
973 611 1091 681 jussique

177 682 326 748 subsistere,
340 681 433 735 armati
446 681 549 733 hostem
564 681 748 750 expectabant.
831 739 833 750 Α

211 757 253 804 46.
272 751 414 803 Alexandri
434 751 581 803 exercitum
602 767 688 819 pavor,
707 749 783 818 cujus
802 766 882 801 cansa
902 767 953 802 non
976 750 1090 817 suberat,

178 821 288 873 invasit:
308 821 406 891 quippe
426 819 566 890 lymphati³
584 820 712 890 trepidare
729 831 880 887 coeperunt,
893 820 1013 870 omnium
1030 836 1091 888 pec·

177 901 232 942 tora
244 890 347 942 occulto
361 898 432 942 metu
452 897 628 958 percurrente.
665 889 735 942 Coeli
756 887 839 955 lulgor
853 897 970 957 tempore
990 890 1091 940 aestivo

176 961 279 1012 ardenti
299 959 393 1012 similis
412 959 575 1012 interniteus⁴
593 959 661 1026 ignis
678 957 799 1027 praebuit
818 958 943 1026 speciem,
957 957 1092 1011 flammas-

177 1046 229 1098 que
242 1046 274 1081 ex
288 1028 369 1082 Darei
381 1033 473 1081 castris
491 1028 639 1096 splendere,
653 1028 724 1080 velut
743 1027 808 1078 illati
827 1036 929 1079 temere
942 1026 1093 1096 praesidiis⁶

175 1099 329 1152 credebant.
366 1097 465 1156 Quodsi
476 1097 603 1166 perculsis
611 1098 748 1164 Mazaeus,
759 1097 804 1166 qni
816 1097 985 1166 praesidebat
998 1095 1090 1166 itineri,

177 1168 381 1237 supervenisset,
400 1168 494 1236 ingens
512 1167 604 1220 clades
623 1166 708 1234 accipi
730 1166 827 1236 potuit:
850 1163 941 1234 ιιιιιιο,ο
960 1165 1024 1218 dum
1046 1164 1092 1219 illc

177 1237 267 1306 segnis
280 1237 304 1290 in
323 1254 354 1288 eo
373 1255 453 1306 quem
473 1247 647 1305 occupaverat
666 1235 767 1289 tumulo
785 1236 870 1303 sedet,
884 1244 1023 1290 contentus
1041 1253 1092 1288 non

178 1306 280 1374 lacessi,
294 1307 453 1373 Alexander,
471 1307 574 1373 cognito
593 1322 688 1374 pavore
707 1305 846 1373 exercitus,
860 1305 967 1374 signum
985 1313 1013 1356 ut
1032 1323 1111 1364 con·‚

178 1376 299 1429 sisterent
318 1376 382 1444 dari,
402 1387 463 1428 ante
482 1375 554 1444 ipsos
571 1392 644 1426 arma
668 1375 800 1444 deponere
819 1391 850 1426 ac
868 1375 957 1426 levare
977 1391 1091 1444 corpora,

177 1444 260 1514 jubet,
274 1444 428 1512 admonens,
443 1445 541 1498 nullam
561 1443 643 1496 subiti
661 1460 768 1496 causam
787 1461 847 1496 esse
864 1444 974 1512 terroris,
988 1443 1091 1498 hostem

178 1515 268 1584 procul
281 1523 357 1566 stare.
395 1514 515 1569 Tandem
529 1520 665 1582 compotes
684 1513 726 1565 sni
745 1514 842 1582 pariter
853 1530 927 1566 arma
945 1523 971 1564 et
989 1513 1093 1567 animos

158 1601 303 1652 ,recepere
313 1586 331 1637 :⁷
350 1584 561 1654 necquicquam
583 1601 615 1634 ex
636 1582 820 1651 praesentibus
836 1583 917 1634 tutius
937 1583 1024 1634 visum
1043 1593 1091 1652 est,

178 1653 259 1724 quam
273 1653 367 1708 eodem
380 1653 438 1706 loco
456 1662 541 1704 castra
560 1652 671 1704 munire.
708 1652 815 1704 Postero
833 1652 876 1703 die
895 1652 1033 1720 Mazaeus,
1047 1653 1092 1722 qui

179 1725 246 1776 cum'
265 1722 377 1776 delectis
401 1723 519 1791 equitnm
544 1721 569 1774 in
595 1721 666 1773 edito
689 1721 764 1791 colle,
786 1738 819 1774 ex
841 1737 892 1789 qno
911 1720 1093 1774 Macedonum

179 1791 405 1862 prospiciebantur
435 1800 528 1860 castra,
558 1791 720 1859 consederat,
749 1791 806 1842 sive
837 1792 919 1859 metu,
944 1790 1001 1842 sive
1031 1793 1093 1859 quia

180 1861 311 1940 speculari
330 1861 409 1913 modo
426 1859 516 1929 jussus
536 1869 589 1914 erat
614 1861 647 1911 ad
669 1861 783 1913 Dareum
804 1859 888 1911 rediit.
925 1859 1091 1912 Macedones

180 1947 241 1983 eum
259 1947 346 2000 rpstrm
364 1929 469 1998 collem,
483 1946 561 2000 quem
582 1899 741 1996 deseruerat,
754 1937 964 1996 occupaverunt:
985 1945 1047 1980 uam
1066 1938 1093 1980 et

180 2001 257 2053 tutior
281 1999 389 2121 planitie
413 2010 476 2066 erat,
497 2007 523 2050 et
544 1997 605 2050 inde
626 1997 698 2049 acies
718 1997 839 2064 hostium,
860 2013 929 2066 quae
950 1997 975 2048 in
998 2013 1093 2076 campo

181 2069 284 2138 explica
303 2077 361 2120 atur
402 2067 519 2135 conspici
551 2075 659 2134 poterat.
703 2066 753 2118 Sed
786 2065 877 2134 caligo,
911 2082 991 2134 quam
1022 2083 1094 2119 crrca

181 2137 283 2192 humidi
295 2107 443 2190 effuderant
459 2146 569 2204 montes,
584 2136 721 2188 universae
740 2135 847 2204 quidem
868 2135 906 2189 rel
924 2135 1023 2188 faciem
1041 2153 1092 2190 nott

180 2207 295 2276 abstulit,
318 2207 448 2259 ceterum⁸
466 2207 602 2274 agminum
624 2206 777 2258 discrimina
798 2213 878 2274 atque
897 2203 1015 2258 ordinem
1036 2223 1093 2275 pro·
1118 2209 1121 2227 ¹

181 2277 265 2330 hibuit
278 2275 401 2346 perspici.
438 2275 582 2328 Multitudo
597 2275 768 2328 inundaverat
786 2292 903 2345 campos,
917 2275 1093 2346 fremitusque

191 2408 216 2508 ἶ
229 2402 253 2508 ὲ
264 2402 324 2450 tribe
337 2401 471 2462 inhabiting
482 2417 495 2448 s
506 2409 557 2460 part
569 2399 596 2448 of
605 2399 687 2448 Media
695 2402 807 2450 between
816 2401 858 2449 tire
871 2401 976 2462 Caspian
989 2402 1036 2450 Sea
1047 2403 1093 2451 and

180 2469 221 2508 te
256 2477 366 2508 ancasus.

208 2521 316 2568 'Arrinn
327 2529 404 2566 states
415 2519 456 2567 the
465 2521 567 2566 number
577 2529 601 2566 at
612 2535 627 2567 a
637 2519 738 2570 million.
770 2519 818 2567 We
827 2519 902 2580 ought
911 2519 1030 2568 therefore
1040 2535 1092 2580 per-

180 2577 240 2637 haps
251 2589 276 2626 to
284 2577 343 2626 read
353 2581 427 2626 decies
438 2585 534 2626 centeno
544 2581 619 2626 milia.

200 2643 217 2666 ‘¹
230 2637 332 2686 ‘Beside
345 2637 512 2694 themselves‚'
527 2637 687 2696 ‘possessed’
721 2636 776 2684 The
785 2637 824 2685 old
832 2637 1000 2698 etymologists
1011 2637 1093 2686 darive

180 2695 221 2744 the
233 2697 298 2744 word
310 2699 422 2758 lymphati
437 2694 497 2743 from
513 2701 622 2758 nympha,
635 2698 739 2744 because
755 2695 797 2742 the
814 2706 864 2744 sort
881 2695 909 2744 os
921 2696 1093 2756 derangement

180 2753 259 2804 which
268 2757 285 2803 it
294 2771 422 2816 expresses
431 2769 482 2802 was
492 2755 621 2803 attributed
631 2755 704 2803 rothe
714 2755 836 2814 operation
845 2755 874 2802 of
880 2753 968 2802 hostile
978 2756 1091 2816 nymphs,

180 2829 215 2870 or,
229 2831 255 2862 as
266 2831 303 2862 we
315 2813 396 2862 would
407 2829 460 2872 say,
473 2813 581 2862 wirches.

210 2874 292 2922 ‘That
305 2875 335 2928 is,
348 2876 428 2921 nitens
440 2875 503 2920 inter
513 2876 609 2922 nubens.
844 2907 848 2912 i

211 2931 356 2982 ‘Praesidio
367 2947 407 2980 are
424 2931 481 2979 here
498 2931 537 2978 tlre
555 2931 614 2980 linas
631 2929 659 2980 cl
671 2931 712 2978 the
724 2929 845 2979 Persicus.
877 2931 997 2992 Compare
1009 2933 1040 2980 ir.
1055 2936 1091 2988 19,

181 2995 291 3117 nole'lliis
302 3067 366 3100 nnnc
376 3065 404 3098 ιο
414 3049 584 3118 emphatically
595 3049 679 3109 placed
685 3059 746 3108 puts
758 3049 798 3096 tlre
809 3049 894 3110 reality
903 3051 927 3098 in
938 3060 1021 3112 strong
1032 3051 1092 3098 anti·

181 3105 257 3155 thesrs
269 3119 293 3154 to
305 3109 345 3154 the
356 3111 432 3158 eludas
444 3107 523 3155 whrch
535 3107 611 3168 mrght
623 3108 684 3156 have
697 3110 766 3155 been.

210 3171 218 3193 ¹
231 3173 237 3192 ‘
246 3167 318 3226 They
328 3167 441 3215 resumed
450 3167 512 3214 their
520 3183 592 3223 arms,
604 3167 650 3214 and
659 3167 729 3226 again
740 3166 797 3214 took
806 3170 936 3228 courage.’-
951 3169 1006 3216 The
1018 3167 1092 3228 appli-

181 3225 260 3274 cation
271 3225 298 3272 ol
306 3225 346 3272 the
356 3242 422 3274 same
431 3228 489 3274 verb
499 3228 545 3274 reci
561 3244 597 3274 ere
605 3235 630 3273 to
639 3226 697 3273 both
706 3227 776 3274 these
785 3226 852 3274 ideas
860 3227 880 3274 is
887 3226 964 3275 called
973 3229 1005 3287 by
1013 3243 1092 3288 gram-

181 3285 309 3370 marianqa
320 3302 423 3346 zmegma.
455 3285 484 3333 In
495 3243 636 3346 onrlanguu
654 3301 667 3332 e
679 3285 697 3353 it
712 3285 756 3332 has
772 3285 853 3366 rpther
864 3302 878 3333 a
889 3286 1009 3334 ludicrons
1019 3285 1092 3334 effect

180 3343 571 3474 to'slllyelerdllleldrlldrllycsllldhlhd’s
579 3343 625 3450 lh}
635 3355 799 3458 lorellrdrrnelslss
813 3405 857 3452 but
868 3404 888 3452 is
900 3403 965 3452 osten
976 3403 1044 3462 used,
1054 3417 1092 3453 es.

180 3462 283 3524 pecrally
294 3463 327 3524 by
339 3417 447 3518 dantus,
460 3477 485 3510 nr
495 3462 536 3510 the
548 3475 614 3509 same
626 3477 697 3510 sense
708 3477 734 3510 as
747 3465 793 3512 sed.
