2438 3886
520 271 612 312 trssrr
632 271 675 312 in.
1013 253 1052 310 ³5

138 383 167 428 et
178 375 268 430 Liberi
280 377 362 446 petris
374 379 508 447 terminos,
522 396 571 432 non
591 380 679 434 Persis
696 378 782 448 modo,
802 377 850 432 sed
869 378 951 431 etiam
968 377 1051 432 omni·

138 443 190 498 bue
214 447 340 514 gentibus
364 447 532 518 imposituros
560 449 668 518 jugum:
697 447 879 520 Macedonum
905 446 1052 516 provincias

141 514 234 567 Rectrs
246 525 273 569 et
289 515 446 570 ludos-fore.
482 518 596 570 Minima
615 536 683 586 esse,
695 533 766 587 quae
784 534 853 569 nunc
871 517 1053 584 intuerentur,

138 585 187 637 sed
211 586 301 638 omnia
324 586 434 638 victoria
453 587 556 654 aperiri.
593 589 652 640 Non
676 589 701 640 in
724 587 872 655 praeruptis
890 586 972 655 petris
991 585 1052 655 llly-

139 654 237 706 riorum
251 664 277 707 et
290 655 421 707 Thraciae
439 656 511 708 saxis
528 655 645 708 sterilem
665 655 782 709 laborem
801 655 865 724 fore,
879 653 961 724 spolie
974 655 1053 707 totius

138 725 254 778 Orientis
270 724 367 776 offerri.
404 725 456 777 Vix
472 725 559 792 gladio
578 725 695 778 futurum
712 741 785 794 opus,
801 735 881 778 totam
899 723 986 776 aciem
1005 740 1052 777 suo

175 805 236 844 rore
260 793 432 851 fluctuantem
457 793 627 847 umbonibus¹
650 811 727 864 posse
751 793 871 862 propelli.
907 793 995 844 Victor
1018 791 1053 846 ad

158 879 208 914 aec
220 862 426 915 Atheniensium
445 862 582 932 Phiiippus
599 874 673 932 pater
691 864 869 928 invocabatur,
882 861 1053 930 domitaeque

139 948 223 1000 nuper
235 929 359 984 Boeotiae
372 941 398 983 et
411 932 483 984 urbis
500 932 525 984 in
546 950 580 984 ea
598 931 780 986 nobilissimae
798 931 832 984 ad
846 931 930 984 solnm
950 930 1053 984 dirutae

139 1000 245 1070 species
269 1001 513 1068 repraesentabatur
536 1003 641 1054 animis.
684 1001 744 1053 Jam
768 1000 910 1053 Gratticurn
935 1016 1052 1069 amnem,

138 1069 243 1138 janitor
257 1069 342 1131 urbes,
355 1078 401 1121 aut
419 1081 590 1139 expugnatas,
603 1079 649 1123 eut
668 1071 693 1122 in
712 1069 795 1122 fidem
806 1081 939 1138 acceptas,
952 1067 1054 1122 omnia·

139 1155 201 1208 que,
226 1155 295 1206 quae
319 1147 376 1206 post
401 1148 504 1207 tergum
529 1149 611 1201 erent,
636 1148 724 1207 strata,
749 1147 775 1191 et
799 1138 914 1208 pedibus
937 1139 1054 1190 isorum

139 1208 261 1276 subjecta
280 1208 453 1261 memorabat.
489 1209 557 1262 Cum
577 1210 678 1262 adierat
695 1210 817 1276 Graecos,
834 1208 949 1260 admone
985 1215 1003 1276 t,
1018 1206 1054 1260 ab

140 1276 183 1330 his
200 1277 324 1344 gentibus
341 1277 414 1328 illata
432 1278 560 1330 Graeciae
580 1279 652 1330 belle
663 1277 741 1330 Darei
754 1279 833 1346 prius,
847 1276 946 1330 deinde
958 1277 1054 1330 Xerxis

141 1347 286 1413 insolentie,
301 1361 398 1416 aquarn
412 1347 483 1415 ipsos
496 1356 646 1416 terramque
658 1347 831 1416 poscentium,
845 1355 874 1398 ut
892 1363 979 1416 neque
998 1347 1053 1398 fon·

141 1417 207 1468 tium
220 1416 353 1485 haustum,
367 1433 417 1468 neo
430 1416 519 1469 solitos
530 1417 604 1470 cibos
623 1415 799 1485 relinquerent
816 1415 921 1469 deditis.
957 1415 1000 1469 Ab
1013 1415 1055 1468 his

141 1494 195 1537 tem
215 1485 241 1536 la
253 1485 334 1537 ruinis
346 1496 372 1538 et
386 1485 491 1553 ignibus
503 1503 563 1538 esse
575 1486 671 1548 deleta,
684 1484 765 1537 urbes
775 1501 868 1538 eorum
880 1495 1052 1554 expugnatas,

140 1553 183 1606 foe
204 1571 248 1606 era
271 1554 352 1606 divini
377 1555 540 1624 humanique
558 1554 623 1624 juris
647 1554 752 1623 violata,
775 1554 916 1606 referebat.
952 1553 1055 1624 Illyrios

140 1640 202 1676 vero
211 1634 238 1676 et
247 1623 372 1692 Threces,
382 1633 454 1694 rapto
463 1625 553 1677 virere
562 1634 689 1692 assuetos,
699 1623 787 1676 eciem
796 1622 914 1676 hostium
921 1640 985 1676 auro
995 1640 1053 1691 pur·

141 1709 258 1762 puraque
271 1693 417 1762 fulgentem
430 1694 524 1746 intueri
536 1693 654 1762 jubebat,
665 1691 798 1762 praedam,
808 1709 858 1746 nou
867 1710 941 1746 erma
949 1703 1054 1761 gestan·

141 1772 205 1816 tem.
253 1763 334 1816 [rens
358 1772 384 1816 et
409 1762 565 1818 imbellibus
586 1763 693 1816 feminis
714 1779 808 1815 aurum
833 1761 883 1816 riri
911 1763 1052 1831 eriperent.

140 1834 243 1901 Aspera
255 1833 385 1886 montium
404 1848 510 1886 suorum
528 1832 599 1902 juga,
614 1830 751 1900 nudasque
770 1832 871 1900 calles,³
883 1840 910 1884 et
926 1841 1054 1902 perpetuo

142 1903 257 1969 rigentes
269 1902 338 1970 gelu,
352 1903 461 1954 ditibns⁴
474 1903 611 1955 Persarum
624 1903 727 1970 campis
738 1902 859 1970 agrisque
873 1909 1013 1954 mutarent.
1064 1939 1065 1944 ,

177 1975 218 2022 26.
237 1971 296 2024 latri
309 1972 344 2023 ad
357 1971 402 2024 teli
414 1971 514 2041 jactum
527 1982 708 2040 pervenerant,
719 1987 784 2024 cum
796 1971 935 2023 Persarum
948 1971 1054 2038 equites

142 2039 264 2092 ferociter
288 2042 314 2092 in
339 2041 446 2093 laevum
470 2057 549 2094 cornu
574 2040 690 2093 hostium
720 2039 816 2092 invecti
847 2047 922 2092 surrt:
973 2040 1053 2108 nippe

142 2111 244 2164 Dareus
255 2110 370 2180 equestri
384 2111 480 2180 proelio
493 2111 637 2164 decernere
655 2110 769 2180 optabat,
783 2109 941 2178 phalangem
993 2125 1052 2160 ace·

141 2181 228 2233 donici
242 2181 375 2234 exercitus
392 2179 469 2232 robur
481 2197 541 2232 esse
559 2179 720 2246 conjectans.
755 2180 870 2248 Jamque
889 2178 971 2232 etiam
988 2178 1053 2231 dex·

143 2261 211 2304 trum
241 2250 384 2304 Alexandri
413 2267 492 2302 cornu
520 2249 719 2302 circumibatur.
755 2248 831 2308 Quod
862 2248 907 2302 ubi
937 2246 1052 2302 Macedo

142 2321 285 2388 conspexit,
298 2319 401 2373 tluabus
412 2319 462 2372 alis
476 2319 597 2388 equitum
615 2321 648 2370 ad
666 2318 760 2387 jugum
780 2319 878 2370 montis
894 2315 973 2386 jussis
991 2317 1052 2369 sub·

142 2391 243 2457 sistere,
257 2399 358 2443 ceteros
370 2390 396 2442 in
414 2387 534 2442 medium
552 2387 614 2440 belli
633 2387 777 2440 discrimen
797 2396 902 2440 strenue
922 2385 1051 2438 transfert.

141 2458 281 2512 Subductis
304 2457 400 2512 deinde
424 2475 458 2512 ex
480 2459 539 2511 aoie
563 2457 700 2511 Thessalis
723 2455 865 2525 equitibus,
887 2455 1052 2524 praefectum

142 2544 232 2580 eorum
250 2527 354 2580 occulte
371 2528 510 2581 circumire
529 2535 633 2595 tergum
652 2541 757 2578 suorum
776 2525 858 2594 jubet,
875 2523 1051 2578 Parmenioni·

141 2613 192 2666 que
212 2596 343 2666 conjungi,
357 2606 383 2649 et
400 2596 470 2664 quod
489 2598 512 2650 is
530 2596 693 2665 imperasset,
708 2595 819 2666 impigre
837 2591 943 2662 exequi.
979 2593 1051 2647 Jam-

141 2682 194 2734 que
212 2666 263 2735 ipsi
282 2667 307 2718 in
326 2665 447 2719 medium
464 2666 615 2719 Persarum⁵
633 2664 696 2718 undi
716 2682 750 2716 ue
773 2663 928 2716 circumfusi
945 2664 1051 2731 egregie

142 2735 307 2803 tuebantur?
325 2735 373 2787 sed
394 2734 511 2803 conferti,
531 2744 557 2787 et
577 2735 652 2805 quasi
673 2751 704 2787 eo
724 2744 853 2800 serentes,
874 2731 928 2784 teia
947 2733 1051 2785 vibrare

141 2821 191 2858 non
210 2813 344 2874 poterant:
368 2803 448 2858 simul
469 2814 543 2857 erant
563 2805 669 2872 emissa,
691 2805 718 2856 in
739 2802 847 2856 eosdem
869 2801 1051 2854 concurrentia

156 2974 177 3073 ἰ*
192 2966 293 3074 Uqrbqgs
304 2966 344 3014 the
355 2965 540 3026 ehorp-pointed
550 2967 607 3014 bose
619 2966 699 3014 which
714 2965 819 3026 projecte
834 2965 896 3014 from
907 2967 949 3015 the
960 2968 1050 3018 middle

140 3041 155 3074 o
180 3041 216 3074 as
234 3041 256 3073 re
283 3061 290 3073 .

167 3083 260 3131 '‘The
284 3084 360 3144 might
369 3093 432 3145 goto
441 3084 476 3132 it’
500 3082 752 3144 ThesubJunctivede
784 3083 867 3134 ndson
874 3085 978 3147 jubebat,
989 3085 1049 3135 with

139 3100 452 3194 suelteredoonstruotion.
477 3143 720 3201 Seeztrmptteet.
767 3157 864 3204 ompsre
878 3145 1048 3196 Graml370.

168 3207 177 3232 ⁸
189 3201 273 3256 Callia,
289 3206 318 3250 ‘a
328 3202 451 3250 mountain
462 3201 538 3262 path,'
550 3202 570 3250 is
579 3202 639 3251 used
646 3203 679 3262 by
689 3201 788 3252 Curtius
797 3219 823 3252 ss
833 3203 955 3261 feminine,
966 3203 1049 3254 whilst

138 3261 208 3312 other
218 3259 316 3308 authors
328 3275 392 3308 more
404 3260 540 3322 frequently
551 3261 623 3309 make
635 3262 652 3309 it
663 3261 804 3311 masculine.

166 3320 234 3366 ‘See
246 3317 343 3377 Zumpt,
356 3319 370 3370 l
382 3324 432 3375 102,
445 3332 501 3368 note
514 3325 533 3368 1.

167 3377 279 3486 nssrqpply
290 3379 360 3426 illoti.
393 3377 486 3428 ‘Borne
498 3379 549 3427 into
559 3379 600 3427 the
612 3377 701 3460 middle
712 3377 740 3428 of
751 3379 792 3428 the
805 3381 935 3430 Persicus!
947 3439 952 3449 ι

137 3436 691 3559 itLemqepdpgspdqullplqppupqqqqqsqqqnfully.
733 3438 1047 3500 Semeybesupphed,but
