2264 3880
411 231 413 234 .
466 192 557 244 um
577 194 608 234 x.
931 182 990 242 819

112 304 163 355 ω.
180 301 304 358 &tarum
326 301 395 361 haec
416 301 490 370 vulgi
513 310 569 356 erat
591 318 643 358 vox
674 303 824 374 principun
851 303 906 360 alia
930 323 990 362 sen·

74 371 175 424 tentia.
212 371 345 440 Equibus
362 370 456 426 Pithon
474 371 612 424 consilium
651 371 819 428 erdiocaeex
854 375 990 448 u'icoepit,

73 448 236 510 tutoresque
259 439 451 504 destinet-filio
475 457 509 495 ex
534 439 642 496 Roxane
666 440 754 496 futuro
783 442 833 496 Per
852 444 939 500 incarn
963 454 990 501 et

74 509 256 580 Leonnatum,
280 509 360 579 stirpe
382 510 456 578 regia
477 509 587 577 genitos.
629 510 744 582 Adiecit,
769 519 798 565 ut
828 513 856 566 in
884 515 991 586 Europa

74 579 207 634 Craterus
229 588 256 634 et
279 579 418 650 Antipater
441 595 484 632 res
506 578 726 634 administrarent.
767 581 839 635 Tum
860 582 990 654 jusjuran-

14 713 15 718 ἵ
75 647 149 703 dnm
172 648 317 718 aeingulis
340 656 471 718 exactum,
492 646 593 702 laturos
614 649 641 702 in
664 657 794 719 potestate
818 653 887 732 regis
909 654 991 722 geniti

76 717 244 772 Alexandro.
280 717 425 786 Meleager,
444 716 515 771 haud
533 717 628 798 injuria
644 726 719 772 metu
737 720 860 790 supplicii
877 723 989 794 territus,

77 803 147 842 oum
158 787 380 842 auiseecesserat.
409 787 508 844 Rursus
520 786 588 840 Phrli
627 787 990 862 umtraheusseuunrirrupit

77 857 203 930 regiam,¹
215 855 357 914 clamitans
368 856 505 925 suffragari
518 804 678 933 reipuhiicee
697 857 731 910 de
749 875 816 911 novo
831 876 894 930 rege
912 861 990 930 paulo

14 971 15 988 1
76 935 144 979 ante
167 936 295 996 concepto
304 927 323 978 :²
344 927 422 980 robur
443 925 539 978 aetatis
561 927 741 996 experirentur
748 943 756 997 3
779 927 858 982 modo
881 929 989 1009 stirpem

14 995 15 1002 ’
77 995 205 1066 Philippi,
225 1004 251 1050 et
274 995 358 1048 filium
381 1012 414 1048 ao
436 996 545 1048 fratrem
565 1011 658 1064 regum
678 995 798 1066 duorum,
817 998 935 1052 sibimetr
954 1000 991 1053 sis

77 1066 248 1136 potissimum
273 1064 418 1121 crederent.
463 1064 574 1120 Nullum
597 1064 755 1134 profundum
779 1083 862 1137 mare,
886 1015 990 1122 nnlhhm

14 1181 15 1202 ,
77 1143 189 1188 vastum
211 1134 310 1188 fretum
332 1142 359 1187 et
381 1133 556 1204 procellosum
576 1142 662 1186 tantos
682 1135 734 1188 olet
754 1135 859 1207 fluctus,
878 1149 990 1206 quantos

14 1207 16 1272 g
78 1203 225 1258 multitudo
248 1212 337 1256 motus
360 1204 449 1273 habet,
467 1204 505 1256 uti
525 1219 559 1256 ne
583 1204 605 1255 si
627 1220 696 1256 nova
718 1210 745 1256 et
767 1204 842 1259 brevi
865 1205 990 1262 duratura

14 1275 15 1346 J
78 1273 204 1327 libertate
233 1272 355 1326 luxuriat.
394 1273 475 1327 Pauci
503 1221 646 1326 derdicoae
675 1273 753 1326 modo
783 1273 876 1344 electo,
901 1275 990 1344 plures

14 1349 15 1408 ζ
79 1342 213 1413 Philippo,
233 1358 315 1412 quem
339 1351 498 1412 spreverant,
518 1341 659 1411 imperium
682 1341 801 1396 dabant.¹
832 1345 892 1399 Nec
910 1345 988 1416 velle,

14 1417 15 1478 J
79 1429 132 1466 nec
150 1411 220 1465 nolle
237 1411 381 1481 quicquam
398 1411 444 1465 diu
463 1419 597 1481 poterent,
608 1411 813 1482 poenitebatque
832 1413 911 1467 modo
929 1431 989 1468 con·

14 1487 15 1494 ’
80 1481 143 1551 silli,
157 1481 235 1536 modo
247 1481 424 1550 poenitentiae
443 1480 534 1550 ipsius.
571 1481 613 1534 Ad
632 1481 756 1534 ultimum
777 1491 867 1536 tamen
886 1483 913 1536 in
933 1484 989 1538 stir-

14 1605 15 1616 2
79 1567 145 1621 pem
173 1551 276 1618 regiam
303 1549 463 1604 inclinavere
493 1549 606 1604 studiis.³
651 1551 774 1603 Cesserat
804 1568 838 1606 ex
867 1552 989 1606 contione

14 1627 15 1678 Ϊ
80 1620 252 1688 Arrhidaeus,
276 1618 427 1688 principum
449 1618 604 1672 auctoritate
627 1619 796 1688 conterritns5
823 1627 851 1672 et
872 1619 990 1674 abeunte

14 1697 15 1704 ’
81 1689 127 1743 illo
139 1690 300 1742 conticuerat
311 1688 405 1756 magis,
419 1705 499 1756 quam
517 1687 661 1758 languerat,
681 1687 803 1741 militaris
820 1688 902 1742 lavor.
939 1690 989 1744 lta·

81 1775 135 1828 que
159 1765 298 1812 revocatus
321 1759 434 1810 vestem⁴
458 1756 552 1824 fratris,
576 1773 638 1810 eam
661 1757 754 1826 ipsam,
779 1773 849 1826 quae
873 1759 900 1811 in
923 1759 990 1812 sella

81 1828 167 1898 posita
185 1825 426 1894 fuerat,.induitur.
463 1827 497 1880 Et
516 1823 654 1892 Meleager
672 1825 779 1878 thorace
797 1835 901 1897 sumpto
919 1829 989 1898 capit

82 1912 165 1966 arma,
184 1896 244 1949 novi
263 1895 332 1962 regis
348 1894 465 1950 satelles.
501 1894 625 1962 Sequitur
643 1893 766 1963 phalanx,
786 1893 870 1950 hastis
890 1895 990 1966 clipeos

83 1967 212 2036 quatiens,
233 1963 372 2032 expletura
395 1980 424 2016 se
447 1963 575 2032 sanguine
599 1963 711 2028 illorum,
732 1963 778 2032 qui
800 1963 990 2021 affeotaverant

83 2034 149 2088 nihil
161 2033 194 2087 nd
207 2033 426 2114 ipsospertlnens
438 2049 556 2102 regnum.
592 2032 621 2086 In
635 2032 731 2086 eadem
743 2034 822 2086 domo
833 2032 989 2114 familiaque

84 2103 188 2174 imperii
203 2119 274 2157 vrres
290 2117 456 2156 remansuras
474 2119 533 2154 esse
550 2101 717 2171 gaudebant,
736 2101 924 2158 hereditarium
942 2121 989 2158 rm·

84 2174 186 2254 perium
199 2173 310 2242 stirperri
323 2171 424 2241 regiain
436 2171 631 2224 vindicaturam
640 2173 658 2239 5⁵
675 2179 796 2225 assuetos
813 2187 873 2226 esse
891 2188 988 2228 nornen
1053 2169 1065 2184 ’

84 2259 170 2322 ipsum
193 2242 279 2295 colere
299 2241 479 2311 venerarique,
503 2257 554 2294 neo
576 2255 740 2310 quemquern
763 2241 790 2294 id
814 2257 918 2312 capere,
938 2243 990 2296 nisi

84 2320 241 2380 gemtumut
254 2327 281 2366 re
317 2320 382 2365 aret.

119 2386 159 2435 24.
177 2381 259 2450 igitur
303 2380 406 2434 erdicca
429 2381 542 2450 territus,
562 2378 697 2447 conclave,
722 2379 749 2432 in
772 2395 825 2448 quo
844 2379 989 2435 Alexandri

85 2465 184 2522 corpus
197 2448 312 2521 jacebat,
336 2449 450 2504 obserari
472 2449 557 2518 jubet.
595 2447 719 2502 Sexcenti
741 2465 803 2502 curn
826 2449 883 2518 ipsc
906 2459 987 2519 erant,

85 2528 219 2590 spectatae
242 2518 360 2575 virtutis:
392 2516 560 2572 Ptolemaeus
588 2533 694 2587 quoque
723 2534 752 2570 se
780 2517 937 2587 adjunxerat
953 2519 989 2588 ei,

85 2604 276 2660 puerorumque
295 2588 368 2656 regia
385 2586 486 2640 cohors.
522 2587 646 2640 Ceterum
665 2585 736 2638 haud
755 2586 897 2640 difficulter
915 2603 932 2640 a
951 2595 989 2641 tot

85 2659 190 2714 milibus
206 2666 368 2712 armatorum
385 2655 499 2709 claustra
516 2655 647 2727 perfracta
662 2662 730 2708 eunt.
767 2653 801 2708 Et
819 2672 867 2709 rex
883 2672 988 2726 quoque

112 2791 176 2838 ‘We
194 2789 244 2838 find
264 2788 323 2838 both
339 2790 466 2851 irrumpere
481 2789 570 2848 regiain
584 2787 631 2836 and
646 2789 775 2850 irrumpere
790 2787 816 2835 ia
832 2787 928 2850 regiam,
948 2791 987 2836 ‘to

86 2849 156 2898 break
166 2849 217 2898 into
228 2847 269 2896 the
279 2845 379 2908 palace’

112 2921 183 2971 ’‘He
193 2920 283 2982 agreed
292 2919 351 2968 with
362 2919 404 2968 the
419 2927 482 2968 state
498 2919 523 2966 in
538 2919 624 2980 regerd
639 2927 664 2966 to
679 2918 721 2966 the
736 2932 791 2967 new
802 2917 862 2979 king
872 2917 929 2968 who
938 2918 987 2968 had

87 2983 144 3030 been
154 2980 210 3040 only
218 2981 269 3040 jnst
280 2976 410 3028 conceived
421 2979 517 3034 (horu),’
530 2978 613 3027 issaid
626 2977 684 3026 with
695 2977 763 3038 irony
773 2992 801 3028 or
811 2987 943 3038 contempt.

113 3053 221 3102 '‘Their
239 3052 378 3100 inclination
396 3051 483 3100 turned
501 3050 607 3099 towards
626 3051 667 3098 tha
687 3050 769 3113 laing's
787 3051 856 3109 aon3¹
880 3050 987 3100 towards

88 3111 162 3172 Philip
171 3110 329 3167 Arrhidaeus,
339 3110 365 3158 in
375 3109 510 3170 oppositlon
518 3119 544 3158 to
552 3109 690 3166 Perdiccas,
700 3110 756 3159 who
764 3109 812 3159 had
822 3112 884 3159 been
892 3110 987 3160 elected

87 3180 174 3278 regeSilda
187 3229 267 3278 crass
276 3227 291 3280 l
299 3232 352 3285 259,
366 3232 386 3277 1.
924 3291 929 3301 Ι

114 3293 193 3342 ‘That
205 3292 377 3342 adesoendant
385 3291 413 3342 ol
423 3292 466 3344 the
482 3293 564 3354 hing’a
574 3292 654 3342 would
668 3292 784 3345 maintaiu
794 3291 836 3342 the
847 3290 986 3353 hareditary

86 3361 246 3418 government,
259 3365 287 3401 or
296 3351 339 3401 rlre
354 3351 490 3414 hereditary
500 3352 564 3416 right
575 3362 600 3403 to
610 3352 652 3402 rhe
663 3352 810 3404 succession.
