2410 3890
132 201 188 258 182
396 217 435 258 ua
459 217 566 258 essars
588 217 774 258 sarzanum.

129 324 200 380 haud
213 327 261 378 rati
273 343 303 378 se
314 325 417 380 futuros
433 343 518 396 pares.
554 327 651 394 Ingens
668 344 729 396 ergo
748 328 774 380 in
792 325 961 380 tabernaculo
980 323 1039 380 soli·

130 395 192 448 tudo
204 403 267 464 erat,
281 397 372 465 paucis
387 393 554 519 spadonibus,
568 396 693 465 quiaque
706 396 871 449 discederent
890 415 939 449 non
960 395 1040 450 habe·

130 463 201 534 bant,
222 467 401 518 circumstanti
421 483 453 518 us
472 482 571 534 regem.
607 468 643 518 At
662 464 715 534 ille,
737 468 844 520 remotis
862 467 973 534 arbitris,
994 466 1041 520 dlu

129 535 201 588 aliud
220 543 300 604 atque
317 535 389 589 aliud
408 534 547 604 consilium
565 538 653 588 animo
669 535 813 592 volutabat.
849 537 962 606 Jamque
981 536 1040 588 soli-

130 604 258 673 tudinem,
282 618 364 674 quam
387 605 464 675 paulo
487 613 548 657 ante
572 621 618 675 pro
641 605 732 658 solatio
756 605 892 674 petiverat,
914 607 1040 676 perosus,¹

130 674 257 727 Bubacen
275 675 366 727 vocari·
379 673 463 744 jubet.
499 674 586 732 Quem
604 675 718 744 intuens,
732 675 779 741 Ite,
794 676 885 744 inquit,
903 675 1039 744 consulite,

129 743 212 812 vobis,
225 743 259 796 ad
271 743 394 798 ultimum
407 745 462 814 regi
475 754 568 813 vestro,
582 753 611 813 pt
623 745 742 814 decebat,
755 743 809 798 fide
822 744 947 797 exhibita.
984 745 1040 814 Ego

129 811 173 867 hic
192 813 281 882 legem
301 813 349 867 lati
368 814 425 868 mei
443 822 563 884 expecto.
601 813 720 868 Forsitan
739 814 851 884 mireris,
868 815 938 883 quod
956 815 1041 867 vitam

130 899 182 937 non
204 883 311 938 liniam:
336 883 423 936 alieno
446 883 555 951 scelere,
580 900 661 952 quarn
683 900 752 952 meo,
774 884 839 936 mori
863 884 942 936 melo.
979 886 1040 938 Post

57 963 62 974 '
130 951 200 1006 hanc
211 969 304 1006 vocem
318 953 401 1022 spado
410 953 514 1021 gemitu
525 969 576 1008 non
589 953 788 1006 tabernaculum
801 953 886 1021 modo,
900 953 947 1007 sed
960 955 1041 1009 etiam

130 1031 218 1076 castra
241 1022 394 1093 complevit.
430 1023 548 1092 irrupere
572 1022 668 1075 deinde
692 1021 746 1092 alii,
768 1022 941 1093 laceratisque
962 1023 1040 1076 vesti·

131 1092 182 1146 bus
202 1092 304 1162 lugubri
325 1099 352 1144 et
371 1091 481 1146 barbaro
500 1092 601 1146 ululatu
622 1109 713 1160 regem
732 1092 869 1162 deplorare
889 1103 1040 1164 coeperunt.

131 1161 1040 1233 Persae,adillosclamoreperlato,attonitimetu,necarmacapere,

131 1249 166 1286 ue
179 1233 204 1284 in
217 1231 369 1284 Bactrianos
382 1231 535 1300 inciderent,
546 1248 596 1286 nec
608 1232 746 1301 quiescere
758 1231 899 1301 audebant,
913 1250 946 1284 ne
960 1233 1041 1302 impie

131 1303 255 1355 deserere
268 1301 361 1370 legem
373 1301 530 1355 viderentur.
567 1302 663 1355 Varius
680 1318 712 1354 ac
730 1301 853 1356 dissonus
871 1302 970 1356 clamor
985 1303 1041 1354 sine

132 1371 201 1425 duce
213 1387 245 1424 ac
257 1371 314 1424 sine
327 1371 363 1425 im
384 1373 437 1425 erio
450 1371 510 1423 totis
523 1371 617 1424 castris
630 1370 812 1424 referebatur.2

168 1445 210 1494 34.
229 1440 310 1495 Besso
322 1451 349 1494 et
360 1389 509 1495 habetati
522 1441 704 1510 nuntiaverant
714 1441 762 1508 sui,
773 1457 864 1510 regem
873 1458 889 1494 a
898 1441 1040 1516 semetipso

133 1511 322 1580 interemptum
342 1527 410 1564 essa.
447 1511 571 1564 Planctus
588 1527 634 1562 eos
652 1510 803 1580 deceperat.
840 1513 933 1581 Itaque
954 1513 1041 1566 citatis

134 1581 211 1652 equis
227 1581 360 1650 advolant,
373 1581 547 1650 sequentibus
558 1596 624 1648 quos
636 1580 671 1632 ad
683 1581 861 1634 ministerium
874 1581 983 1634 sceleris
994 1583 1039 1635 de·

133 1649 252 1720 legerant
260 1667 267 1720 5
286 1659 312 1702 et
324 1668 385 1704 cum
399 1650 599 1704 tabernaculum
612 1649 760 1718 intrassent,
774 1651 837 1719 quia
850 1667 940 1719 regern
950 1653 1039 1704 vivere

134 1719 265 1790 spadones
278 1720 436 1788 indicabant,
449 1717 639 1789 comprehendi
652 1719 796 1789 vincirique
807 1719 947 1789 jusserunt.
983 1723 1040 1774 Rex

134 1805 211 1844 curru
221 1790 299 1860 paulo
308 1799 369 1844 ante
379 1799 472 1843 vectus
482 1798 508 1842 et
520 1789 629 1842 deorum
642 1788 768 1858 auspiciis
779 1805 811 1842 ac
824 1789 878 1846 suis
890 1787 1040 1844 honoribus³

134 1859 229 1928 cultus,
240 1859 311 1913 nulla
323 1868 433 1914 externa
443 1861 504 1930 ope⁴
515 1859 630 1929 admota,
640 1859 762 1928 captivus
775 1876 910 1913 servorum
924 1877 1037 1931 suorum,

135 1929 161 1982 in
173 1929 309 1983 sordidum
317 1929 473 1983 vehiculum
480 1929 593 1998 pellibus
602 1927 717 2006 undique
727 1937 878 1982 contectum
891 1929 1037 1998 imponitur.

135 1999 251 2053 Pecunia
263 2000 332 2068 regis
344 2008 370 2052 et
383 1999 502 2070 supellex
513 1999 588 2068 quasi
601 1997 665 2052 belli
676 2014 734 2068 jure
747 1998 866 2068 diripitur
873 2015 881 2066 3
899 2001 1038 2068 onustique

154 2070 240 2138 raeda,
254 2085 300 2139 per
318 2068 405 2122 scelus
423 2068 545 2122 ultimum
563 2077 644 2136 parta,
659 2067 751 2134 lugam
771 2068 929 2121 intendunt.⁵
963 2073 1038 2122 Arta·

134 2084 220 2190 hazus
236 2155 300 2191 curn
318 2137 367 2207 his,
383 2136 429 2206 qui
448 2137 557 2207 imperio
575 2137 708 2206 parebant,
722 2137 884 2206 Graecisque
902 2137 1037 2209 militibus,

135 2205 295 2260 Parthienen
307 2207 423 2276 petebat,
432 2207 521 2259 omnia
530 2207 623 2259 tutiora
632 2205 823 2274 parricidarum
831 2208 948 2260 contuitu
956 2218 1037 2272 ratus.

135 2275 240 2346 Persae,
254 2275 388 2344 promissis
396 2274 470 2328 Bessi
482 2277 588 2343 onerati,
602 2275 719 2328 maxime
731 2276 793 2355 quia
805 2293 883 2329 nemo
894 2276 963 2330 alius
974 2285 1037 2348 erat,

135 2357 216 2416 quem
234 2356 413 2414 sequerentur,
434 2343 592 2413 conjunxere
610 2360 639 2396 se
660 2343 811 2414 Bactrianis,
830 2363 927 2414 agmen
947 2363 1039 2401 eorum

135 2417 211 2468 tertio
224 2414 338 2467 assecuti
350 2414 403 2466 die.
421 2414 464 2467 Ne
476 2422 564 2466 tamen
578 2413 659 2466 honos
672 2414 724 2482 regi
735 2428 785 2468 non
795 2414 943 2484 haberetur,
953 2417 1040 2470 aureis

135 2485 308 2555 compedibus
320 2485 437 2538 Dareum
448 2483 573 2550 vinciunt,
587 2500 655 2536 nora
672 2483 785 2537 ludibria
802 2485 924 2538 subinde⁸
936 2485 1039 2554 excogi-

135 2563 208 2609 tante
222 2553 333 2608 iortuna.
363 2554 398 2607 Et
408 2569 441 2608 na
453 2552 519 2606 forte
532 2554 603 2606 oultu
617 2552 688 2622 regio
700 2560 789 2634 posset
801 2556 916 2624 agnosci,
930 2555 1040 2608 sordidis

135 2625 249 2696 pellibus
269 2623 423 2678 vehiculum
442 2622 602 2676 intererant:
627 2623 707 2691 ignott
725 2623 846 2694 jumenta
865 2625 987 2694 agebant,
1006 2641 1040 2680 ne

135 2693 350 2817 percoqtaantibus
367 2694 394 2748 in
411 2692 519 2762 agmine
536 2693 673 2746 monstrari
691 2702 793 2763 posset:
812 2695 937 2748 custodes
951 2693 1041 2764 procul

136 2780 165 2818 se
186 2781 219 2818 ue
256 2773 323 2818 ntur.

167 2781 212 2886 is.
232 2832 388 2900 Alexander,
411 2830 512 2886 audito⁷
541 2831 656 2884 Dareum
684 2830 800 2886 movisse
828 2831 863 2885 ab
887 2832 1040 2902 Ecbatanis,

137 2907 1044 2928 ffi-ss-...ss-——Q

166 2933 284 2982 ¹Passive
295 2932 363 2990 form,
376 2935 418 2981 but
430 2934 508 2981 active
518 2932 686 2994 signification.
717 2932 763 2980 See
776 2933 873 2993 Zumpt,
887 2932 900 2984 i
912 2938 962 2982 221.

164 2992 329 3051 'Equivalent
340 3002 365 3040 to
376 2995 504 3040 resonabat.

165 3051 223 3100 'He
239 3050 286 3099 hed
301 3051 363 3098 been
378 3051 468 3110 doubly
479 3049 600 3100 honoured
613 3052 646 3111 by
657 3049 698 3098 the
709 3051 815 3111 picturas
825 3050 871 3099 and
882 3051 1001 3102 emblema
1011 3051 1041 3100 ol

136 3110 178 3160 the
189 3108 257 3179 gods,
271 3109 350 3178 which
361 3124 425 3158 were
441 3108 531 3158 carried
547 3109 627 3158 before
643 3109 702 3167 him,
715 3109 762 3158 and
772 3111 805 3170 by
816 3109 857 3158 the
869 3110 973 3161 honours
984 3111 1041 3172 pald

136 3167 460 3296 wlhppqpqlppuqqqqqpm
471 3227 499 3274 of
506 3226 602 3283 hostile,
614 3238 656 3275 not
667 3227 792 3298 auxiliary,
806 3243 895 3288 power.
924 3289 930 3300 ι

166 3297 174 3322 ¹
184 3287 271 3349 ‘They
280 3287 336 3336 tulta
347 3296 372 3334 to
383 3285 468 3347 llrght.'
502 3285 557 3334 The
568 3285 638 3336 moda
647 3287 675 3336 of
680 3303 820 3348 expression
823 3289 911 3352 srqqam
919 3289 1041 3338 tatemere

136 3349 158 3399 is
168 3347 273 3398 founded
282 3363 313 3396 on
324 3346 365 3396 the
376 3360 488 3415 common
497 3344 583 3405 phrase
594 3348 640 3396 iter
649 3348 777 3398 intendere.

164 3413 174 3440 ⁸
187 3407 274 3458 ‘From
285 3407 343 3456 time
354 3415 380 3454 to
390 3405 465 3454 nme!

165 3466 232 3518 'For
242 3466 302 3518 such
312 3464 460 3530 aparticiple
471 3479 498 3514 as
509 3462 558 3513 this
574 3465 597 3513 in
614 3468 654 3514 the
665 3467 768 3517 ablativa
779 3465 898 3526 absolute,
911 3463 1040 3522 nithonis
