2314 3886
111 175 166 232 178
370 186 410 226 aa
435 187 542 228 aasrrs
563 186 748 228 arexsuner.

109 299 176 358 Quis
187 297 232 350 ille
244 293 316 350 haud
328 311 392 348 sane
404 303 499 364 motus,
514 295 631 364 satisque
642 295 767 366 prudens,
780 295 826 348 otii
838 295 902 348 vitia
914 293 1034 362 negotio

110 367 215 436 dissuti,
226 365 313 434 edicit,
323 373 352 418 ut
364 381 458 418 omnes
469 365 495 418 in
509 365 640 418 vestibulo
652 366 741 434 regiae
754 374 857 434 praesto
870 365 928 416 sint.
948 363 1034 422 Quos

111 437 158 491 ubi
170 437 324 504 frequentes
335 435 430 488 adesse
443 435 573 504 cognovit,
587 436 613 488 in
626 435 772 488 contionem
787 434 922 504 processit.
941 431 1031 504 Haud

111 507 193 561 dubie
204 521 240 558 ex
251 505 397 576 composito
409 504 545 558 Atharrias
563 503 694 574 postulare
713 505 808 573 coepit,
822 512 851 556 ut
863 503 1031 572 Lyncestes¹

111 573 271 645 Alexander,
291 576 337 644 qui
357 574 441 628 multo
460 583 522 626 ants
542 590 622 642 quam
643 572 759 626 Philotas
783 591 873 641 regem
893 571 1031 624 voluisset

111 645 233 698 occidere
255 643 445 698 exhiberetur.²
479 645 504 696 A
516 641 620 694 duobus
631 642 771 709 indicibus,
785 643 852 694 sicut
865 658 942 711 supra
954 641 1029 694 dixi-

112 731 180 784 mus,
194 683 306 782 delatus,
321 714 427 766 tertium
444 711 499 781 jam
518 727 617 776 annum
638 711 835 764 custodiebatur
855 712 880 764 in
900 709 1027 763 vinculis.

113 783 237 838 Eundem
249 785 274 836 in
288 783 401 852 Philippi
413 797 518 850 quoque
528 779 640 832 caedem
649 780 801 850 conjurasse
809 797 870 833 curn
881 780 1027 850 Pausania,

113 869 158 922 pro
171 863 305 923 comperto
323 852 373 904 fuit
381 867 388 920 3
407 849 455 902 sed
469 848 531 918 quia
542 850 643 918 primus
655 849 835 902 Alexandrum
849 867 938 919 regem
953 851 1028 904 salu-

114 931 222 992 taverat,
236 921 366 992 supplicio
377 919 464 987 magis
474 935 556 997 quam
567 919 670 972 crimini
682 919 767 972 fuerat
780 932 927 999 exemptus.
947 921 1027 972 Ttrrm

114 1003 218 1062 quoque
231 990 362 1060 Antipatri
379 989 464 1041 soceri
482 1003 541 1058 eJus
558 1005 652 1058 preces
666 989 765 1058 justam
778 991 847 1058 regis
859 1007 925 1042 tram
939 1006 1027 1042 mora-

113 1061 217 1116 bantur.
254 1061 378 1113 Ceterum
395 1058 527 1110 recruduit
546 1066 681 1128 soporatus
700 1059 785 1110 dolor:
828 1060 907 1129 uippe
926 1061 1028 1112 veteris

114 1130 226 1200 periculi
238 1128 393 1182 memoriam
406 1127 553 1196 praesentis
564 1144 627 1179 cura
639 1128 790 1180 renovabat.
810 1076 899 1196 (lgitur
908 1129 1026 1182 Alexan-

114 1200 163 1252 der
180 1217 214 1252 ex
231 1198 352 1251 custodia
369 1196 500 1258 educitur,
517 1196 659 1266 jussusque
678 1195 775 1267 dicere,
789 1213 951 1267 quamquam
969 1205 1026 1250 toto

116 1269 225 1322 triennio
244 1267 388 1320 meditatus
406 1275 461 1318 erat
479 1265 671 1334 defensionem,
686 1275 775 1319 tamen
787 1265 922 1320 haesitans
933 1276 960 1319 et
974 1279 1025 1319 tre·

115 1337 194 1408 pidus
211 1353 297 1406 pauca
314 1353 348 1388 err
366 1335 415 1405 his,
428 1351 497 1404 quae
515 1344 706 1406 composuerat,
720 1337 834 1405 protulit,
848 1337 880 1389 ad
900 1337 1024 1390 ultimum

115 1411 166 1460 non
186 1404 314 1458 memoria
334 1402 428 1473 solum,
442 1405 489 1456 sed
508 1403 590 1457 etiam
608 1421 685 1456 mens
703 1423 765 1458 eum
784 1405 912 1459 destituit.
947 1406 1025 1459 Nulli

115 1483 172 1528 erat
184 1475 303 1544 dubium,
316 1473 380 1543 quin
399 1472 535 1543 trepidatio
548 1474 727 1527 conscientiae
739 1475 865 1528 indicium
879 1485 958 1544 esset,
971 1493 1024 1528 nan

115 1545 262 1598 memoriae
274 1545 376 1596 vitium.
412 1541 505 1611 Itaque
518 1559 552 1596 ex
564 1542 612 1611 his,
626 1544 671 1612 qui
689 1545 801 1612 proximi
819 1546 964 1614 astiterant,
977 1545 1024 1598 ob-

116 1613 260 1666 luctantem
272 1613 361 1674 adhuc
372 1611 497 1665 oblivioni
510 1611 611 1664 lanceis
622 1612 815 1666 confoderunt.³

152 1688 175 1736 2.
194 1681 275 1752 Cujus
293 1698 400 1752 corporo
417 1681 514 1750 ablato,
526 1699 573 1734 rex
590 1681 719 1735 introduci
735 1682 813 1752 jussit
831 1686 977 1754 Amyntam
995 1693 1024 1736 et

115 1752 270 1806 Simmiam:
289 1769 352 1804 nam
370 1751 507 1821 Polemon,
518 1751 646 1804 minimus
663 1769 697 1804 ex
715 1751 844 1822 fratribus,
858 1771 918 1806 cnm
937 1751 1023 1805 Philo·

117 1831 170 1874 tam
201 1821 314 1890 torqueri
342 1821 524 1900 comperisset,
552 1821 711 1889 profugerat.
748 1822 873 1876 Omnium
903 1822 1023 1876 Philotae

114 1891 260 1947 amicorum
278 1889 305 1942 bi
324 1889 455 1942 carissrmi
473 1889 584 1958 fuerant,
597 1889 632 1942 ad
648 1907 745 1958 magna
756 1900 783 1943 et
796 1891 921 1944 honorata
932 1892 1022 1944 minis-

116 1961 181 2012 teria
204 1959 275 2012 illius
296 1959 415 2012 maxime
439 1959 625 2028 suffragatione
648 1959 785 2029 producti,
812 1961 1022 2029 memineratque

115 2045 169 2099 rex,
191 2044 295 2082 summo
319 2027 405 2080 studio
428 2028 463 2080 ab
487 2044 519 2080 eo
542 2027 705 2080 conciliatae
728 2029 784 2098 sibi,
804 2047 855 2082 nec
874 2030 1021 2099 dubitabat,

115 2097 195 2166 hujus
212 2113 317 2166 quoque
335 2095 422 2149 ultimi
439 2097 541 2149 consilii
559 2097 652 2149 fuissel
669 2099 817 2167 participes.
853 2100 941 2168 Igitur,
959 2098 1022 2152 olim

115 2167 164 2220 sibi
183 2183 243 2219 esse
261 2173 399 2234 suspectos
416 2167 509 2220 matris
523 2183 588 2218 suae
601 2165 701 2238 litteris,
715 2168 812 2236 quibus
823 2178 894 2222 esset
906 2169 1022 2222 admoni-

115 2245 165 2304 tus,
178 2245 207 2288 ut
224 2234 259 2288 ab
276 2233 319 2286 his
337 2233 452 2286 salutern
470 2251 546 2288 suam
565 2243 689 2288 tueretur.
727 2237 851 2290 Ceterum
866 2256 894 2291 se
911 2238 1022 2290 invitum

114 2304 244 2357 deteriora
255 2301 418 2368 credentem,
432 2319 502 2355 nuno
515 2303 662 2356 manifestis
674 2305 779 2359 indiciis
791 2308 890 2360 victum
912 2307 1020 2378 jussisse

115 2373 216 2427 vinciri.
252 2373 323 2424 Nam
342 2371 426 2440 pridie
444 2388 526 2440 quarn
538 2372 705 2442 detegeretur
717 2374 836 2428 Philotae
849 2347 944 2446 scelus,
958 2377 1021 2446 quin

114 2442 226 2496 secreto⁶
238 2457 301 2493 curn
314 2456 346 2491 eo
358 2439 478 2509 fuissent,
495 2459 546 2496 non
564 2459 642 2512 posse
661 2443 784 2497 dubitari.
820 2445 938 2499 Fratrem
951 2460 1019 2515 vero,

114 2512 159 2581 qui
178 2510 327 2580 profugerit,
344 2526 406 2562 cura
425 2509 459 2563 de
477 2510 580 2564 Philota
597 2522 774 2582 quaereretur,
791 2515 926 2583 aperuisse
943 2515 1020 2582 fugae

115 2598 233 2635 causam.
262 2581 353 2650 Nuper
365 2581 479 2650 praeter⁷
489 2581 717 2652 consuetudinem,
728 2583 808 2636 officii
821 2583 918 2653 specie,
929 2584 1021 2636 amotis

116 2717 152 2816 L¹
163 2713 187 2758 A
199 2727 269 2818 ntame
280 2710 308 2759 of
319 2727 334 2758 a
344 2711 404 2760 tribe
416 2727 443 2760 or
452 2727 514 2760 raoe.
546 2713 570 2758 A
581 2712 674 2760 district
689 2711 717 2760 of
730 2711 873 2760 Macedonia
883 2727 934 2760 was
946 2711 1020 2760 called

138 2786 212 2830 ynces
224 2787 252 2818 rs.

143 2829 273 2878 '‘Should
288 2830 319 2877 be
335 2829 439 2890 brought
454 2828 565 2878 forwerd'
577 2839 603 2878 to
613 2829 676 2886 nial,
690 2844 717 2877 or
726 2829 807 2878 rather
816 2830 919 2890 perhaps
930 2839 956 2878 to
966 2845 1017 2878 con·
1096 2851 1100 2862 ·

115 2888 307 3016 repnsrppppp.om
319 2945 347 2994 of
358 2965 385 2994 en
395 2949 431 2995 Ιώ
441 2949 484 3008 qai
493 2949 619 2996 astiterant
633 2948 736 3004 ‘soma’
751 2950 849 3010 aliquot,
863 2949 982 3006 nonnulli,
994 2963 1018 2997 as

115 3007 525 3135 nopppaurirpaelgptcppfppnepmw„
542 3063 756 3114 ‘recommended'
774 3065 804 3114 In
813 3065 853 3114 the
863 3065 943 3116 fourth
950 3067 1017 3128 chap-

114 3135 160 3181 ter,
173 3127 277 3172 tradatur
288 3139 309 3171 rs
319 3124 380 3170 used
391 3139 415 3170 1n
426 3123 466 3171 the
478 3139 545 3172 same
556 3139 635 3172 sense.

144 3184 200 3232 ⁸As
212 3193 237 3231 to
247 3199 295 3230 non
305 3185 384 3230 dubito
394 3181 507 3232 followed
518 3185 550 3244 by
561 3182 602 3230 the
613 3183 750 3232 accusative
761 3183 822 3232 with
837 3183 878 3233 the
894 3183 1015 3242 infinitiva,

114 3259 156 3292 sse
170 3243 250 3290 Gran.
262 3241 275 3292 b
285 3245 336 3296 352,
350 3251 405 3288 note
416 3243 438 3289 l.

142 3308 150 3332 ¹
162 3302 225 3350 This
236 3301 256 3348 is
268 3301 292 3348 in
303 3299 371 3346 rselit
399 3300 441 3348 the
456 3302 560 3350 ablativa
576 3301 684 3360 singular
698 3311 784 3351 neuter
799 3300 827 3350 of
838 3312 949 3361 sarnus,
962 3302 1017 3354 used

113 3359 269 3420 adverbially.
301 3358 347 3406 See
385 3359 528 3416 ramim,
541 3362 562 3407 s.

145 3419 306 3478 'Equivalent
318 3426 343 3464 to
353 3426 442 3465 contra.
474 3419 520 3467 See
533 3419 630 3479 Zumpt,
644 3417 718 3470 §302
