2314 3886
152 224 212 283 w
418 243 457 284 nr
481 241 587 284 oroma
609 243 795 284 snuxrnnrn.

151 367 186 405 ex
209 349 250 404 his
273 349 405 405 factunm
429 367 488 405 sese
509 351 649 422 respondit,
670 357 700 404 ut
719 349 827 406 intranti
848 365 964 418 ragnum
987 367 1066 406 ”aar

150 428 254 490 praesto
267 429 345 491 esset,
359 423 407 474 sed
420 431 547 474 armatus.
582 421 642 474 Jam
660 421 805 490 Hydaspen
821 418 978 473 Alexander
990 437 1066 490 supe·

151 505 209 541 rare
238 488 400 559 decreverat,
430 508 493 544 cum
523 491 690 558 Barzaentes,
720 489 881 543 delectionis
909 489 1066 544 Arachosiis

149 561 258 627 auotcr,¹
281 560 392 629 vinctus,
417 561 573 629 trigintaque
597 559 732 629 elephanti
757 558 836 612 simul
865 559 939 626 capti
970 559 1065 626 parda·

149 638 251 697 cuntur,
265 637 439 697 opportunum
451 629 579 682 adversus
597 628 675 681 lndos
692 627 829 697 auxilium,
842 628 941 697 quippe
960 628 1027 696 plus
1041 630 1067 682 in

149 695 244 766 beluis,
259 713 340 766 quam
357 698 386 751 in
403 700 520 752 exercitu
536 715 548 749 s
585 698 742 750 iacvirium
756 696 886 750 illiserat.
923 696 1066 750 Samaaus·

148 779 209 836 que,
224 782 270 819 rex
282 768 394 836 exiguae
448 767 542 820 rtisIn
562 767 656 846 orum,l
669 766 716 836 qui
732 766 870 820 Barzaenti
889 781 919 818 se
937 765 1067 834 cunjunx·

149 843 213 904 erat,
238 837 346 890 vinctus
367 837 400 890 ad
422 846 499 890 uetus
521 844 570 890 est.
606 837 688 904 Igitur
710 835 846 904 transfuga
869 843 896 888 ut
921 837 1018 902 regulo
1041 837 1067 890 in

148 906 305 976 custodiam,
321 907 471 975 elephantis
487 915 577 958 autem
596 905 684 958 Taxili
701 905 811 972 traditis,
828 905 862 958 ad
880 919 995 957 amnem
1014 906 1066 974 Hy·

148 973 249 1044 daspen
273 976 402 1046 pervenit,
421 976 449 1028 in
468 975 545 1044 cujus
565 975 687 1028 ulteriore
710 974 768 1043 ripa
790 975 874 1027 Porus
895 974 1066 1044 consederat,

148 1045 271 1097 transitu³
289 1044 469 1114 prohibiturus
487 1043 600 1098 hostem.
637 1044 729 1096 LXXX
748 1051 776 1095 et
794 1044 818 1096 V
837 1042 1000 1112 elephantos
1022 1045 1067 1098 ob-

146 1111 248 1182 jecerat
263 1115 361 1167 eximio
377 1131 514 1184 corporum
527 1113 626 1183 robore,
641 1113 760 1182 ultraque
777 1129 824 1166 eos
841 1129 933 1166 currus
950 1112 1028 1181 CCC,
1041 1122 1067 1168 et

147 1182 270 1252 peditum
287 1183 359 1236 XXX
375 1182 432 1236 lere
450 1183 532 1252 milia,
552 1184 579 1236 in
597 1183 657 1251 quis
675 1181 895 1251 erautsagittarii,
908 1181 993 1234 sicuti
1004 1191 1068 1236 ante

148 1251 250 1305 dictum
269 1261 317 1322 est,
337 1252 500 1320 gravioribus
519 1251 587 1322 telis,
606 1268 692 1322 quarn¹
706 1255 734 1304 ut
749 1259 813 1321 apta
832 1251 923 1304 excuti
944 1261 1067 1319 possent.

148 1320 239 1390 Ipsum
259 1320 373 1374 vehebat
397 1321 556 1390 elephantus
579 1337 658 1390 super
681 1329 785 1376 ceteras
799 1319 901 1374 beluas
923 1320 1067 1376 eminam:

147 1405 276 1458 annaque
294 1405 357 1442 auro
375 1398 403 1443 et
419 1399 526 1458 argento
541 1390 666 1444 distincta
676 1405 772 1461 corpus
784 1405 857 1442 rarae
869 1389 1070 1456 magnitudinis

148 1457 332 1512 honestabunt.
372 1461 423 1512 Par
442 1459 547 1513 animus
568 1459 654 1512 robori
677 1459 798 1528 corporis,
819 1467 848 1512 et
870 1467 973 1528 quanta
998 1460 1069 1514 inter

148 1527 228 1579 rudes
239 1537 341 1596 poterat
353 1545 414 1582 esse
426 1529 563 1598 sapientia.

182 1602 224 1650 to.
243 1598 408 1652 Macedonas
425 1615 475 1652 non
494 1606 652 1668 conspectus
670 1595 786 1658 hostium
805 1598 891 1650 solum
915 1597 1071 1654 sedetiam

147 1665 274 1737 fluminis,
287 1668 357 1738 quod
375 1669 566 1721 transeundum
578 1676 641 1736 crat,
655 1663 808 1734 magnitudo
821 1635 945 1720 terrehat.
986 1667 1071 1726 Quat-

147 1743 206 1789 tuor
223 1736 251 1789 in
270 1737 438 1790 latitudinem
456 1738 542 1790 stadia
560 1736 698 1805 diffusum,
715 1733 844 1805 profundo
861 1735 946 1804 atreo,
962 1745 994 1788 et
1006 1755 1072 1792 uus·

146 1821 228 1874 quam
241 1806 311 1858 vada
322 1807 466 1878 aperiente,
480 1806 600 1876 speciem
612 1806 680 1858 vasti
697 1805 782 1858 maris
798 1803 907 1858 fecerat.
943 1805 972 1858 N
975 1823 1010 1858 ao
1024 1824 1074 1876 pro

147 1876 231 1944 spatio
251 1891 383 1945 aquarum
402 1875 456 1928 late
476 1875 655 1944 stagnantium
675 1875 807 1944 impetum
826 1873 971 1926 coercebat
980 1878 1001 1944 5⁴
1020 1877 1074 1930 ssd

146 1946 224 2013 quasi
237 1945 263 1997 in
275 1954 364 1998 artum
381 1945 540 1998 coeuntibus
553 1944 622 2014 ripis,
635 1953 736 1998 torrens
754 1951 782 1996 et
799 1941 881 1996 elisus
898 1942 1076 2000 ferebatur:⁵

145 2014 303 2084 occultaque
321 2031 386 2067 saxa
404 2014 492 2068 inesse
509 2013 685 2068 ostendebant
703 2012 825 2082 pluribus
840 2011 906 2066 locis
921 2013 1018 2068 undae
1032 2033 1074 2068 re-

146 2099 298 2152 percussae.
335 2082 486 2136 Terribilior
504 2092 560 2137 erat
579 2082 662 2135 lacios
679 2083 760 2152 ripae,
778 2097 860 2150 quam
877 2082 939 2150 equi
959 2084 1075 2153 virique

146 2152 354 2222 compleverant.
390 2151 499 2206 Stabant
511 2153 634 2222 ingentes
646 2162 781 2204 vastorum
798 2167 937 2220 corporum
957 2153 1076 2222 molas,⁸

145 2229 172 2272 et
190 2221 225 2272 de
243 2220 375 2272 industria
389 2221 504 2274 irritatas
522 2221 649 2274 horrendo
668 2221 788 2274 stridore⁷
807 2237 887 2274 aures
902 2220 1075 2289 fatigabant.

145 2289 215 2342 Hinc
232 2289 328 2358 amnis,
346 2289 410 2342 hino
428 2289 511 2344 hostis
528 2291 637 2358 capacia
652 2290 762 2359 quidem
775 2289 861 2344 bonae
873 2291 940 2359 spei⁸
954 2300 1077 2359 pectora

145 2367 173 2411 et
191 2374 272 2427 saepe
293 2373 322 2410 se
343 2367 452 2427 experta
471 2360 613 2428 improviso
626 2368 722 2412 tamen
748 2375 844 2429 pavore
865 2373 1076 2428 percusserant.

144 2427 248 2497 Quippe
267 2427 405 2480 instabiles
423 2437 492 2480 rates
509 2445 560 2480 nac
577 2429 654 2497 dirigi
671 2430 705 2485 ad
724 2429 816 2498 ripam,
834 2445 884 2481 nec
902 2437 961 2483 tuto
980 2431 1077 2501 appli-

145 2499 199 2550 cari
218 2513 296 2568 posse
308 2497 461 2550 credebant.
499 2498 581 2553 Erant
592 2498 618 2551 in
632 2497 721 2550 medio
733 2515 812 2550 amne
825 2497 927 2552 insulae
939 2501 1076 2571 crebrae,

144 2567 257 2636 inques
275 2577 302 2619 et
320 2566 391 2642 Indi¹
404 2575 431 2619 et
448 2567 614 2620 Macedones
638 2575 740 2637 nantes,
759 2566 855 2620 levatis
875 2585 956 2637 super
976 2572 1079 2640 capita

173 2713 332 2762 'Sassiam

172 2772 258 2820 “Tbat
270 2773 300 2828 is,
313 2771 341 2821 of
353 2773 394 2823 the
406 2773 504 2825 Indiaue
516 2789 547 2822 on
558 2772 608 2824 thie
618 2772 670 2822 side
682 2773 723 2836 tbe
734 2771 818 2822 Indus.

172 2831 230 2878 'As
241 2841 266 2879 tc
277 2832 318 2880 the
329 2833 502 2889 construction,
515 2848 557 2880 see
571 2833 650 2880 Grum.
664 2833 738 2884 iffi.

172 2895 182 2916 ⁴
194 2890 261 2938 ‘And
273 2891 290 2938 it
302 2890 342 2939 did
357 2903 398 2939 not
408 2892 511 2944 restrain
522 2891 563 2940 the
574 2889 677 2951 rapidity
688 2891 715 2940 of
727 2891 759 2940 its
775 2906 860 2941 course
877 2892 901 2940 in
917 2897 1080 2954 proportioni

142 2959 168 2996 to
178 2947 220 2996 the
232 2949 294 2998 wide
303 2961 386 2999 extent
398 2965 455 2998 over
466 2950 547 2999 which
557 2951 589 2998 its
601 2960 688 2999 wetere
700 2965 764 2998 wore
776 2951 879 3009 spread!

172 3015 181 3039 ⁸
193 3008 231 3055 ‘It
240 3009 330 3058 rushed
339 3011 412 3071 along
420 3009 538 3070 furiously
547 3009 594 3057 and
602 3010 711 3072 rapidly.'
744 3009 846 3058 Terrena
857 3011 877 3058 ie
889 3009 931 3058 the
942 3015 1081 3078 standing

141 3067 209 3115 word
220 3067 256 3115 for
266 3084 295 3116 un
308 3069 446 3128 impetuous
458 3070 583 3116 mountain
593 3078 692 3116 stream.
821 3105 822 3108 ,
887 3071 890 3078 ’

169 3132 178 3156 ⁸
191 3126 262 3176 ‘The
274 3127 337 3187 huga
349 3141 443 3178 massas
453 3127 481 3176 of
492 3127 599 3176 uncouth
611 3127 694 3175 bodies
706 3127 757 3196 (the
767 3126 919 3186 elephantst.'

170 3185 244 3234 'Our
259 3186 346 3234 author
361 3186 421 3234 calls
437 3185 478 3234 the
494 3187 600 3246 peeuttar
615 3186 692 3234 sound
708 3186 789 3234 which
804 3203 836 3234 an
851 3187 888 3234 ele
906 3187 968 3236 bant
987 3193 1079 3242 emita

140 3245 245 3304 through
262 3246 294 3312 its
310 3245 383 3292 trunk
398 3246 496 3301 stridor,
512 3250 541 3292 ‘n
552 3243 694 3304 wltistling!
727 3245 782 3292 The
797 3203 927 3304 partiaria
941 3263 1026 3298 name
1042 3253 1078 3300 os

139 3305 188 3351 this
200 3303 276 3350 sound
287 3318 308 3350 ts
318 3305 431 3358 barritus,
442 3304 493 3362 just
505 3319 531 3351 os
542 3306 650 3352 tinnitus
661 3303 691 3351 cf
695 3304 787 3358 barses,
802 3305 960 3366 ‘ne'gbing3'
981 3313 1077 3373 mugi.

139 3371 180 3409 tas
191 3361 221 3408 oi
231 3361 325 3428 bulls‘‚·‘
334 3360 464 3440 bellowing
473 3362 488 3418 ς’
506 3365 599 3429 bnlqtue
611 3361 638 3446 of
650 3362 737 3430 sheep,
745 3369 755 3444 ν·
765 3363 872 3425 blenting
880 3365 896 3422 ς’
914 3369 1026 3418 medita
1040 3371 1079 3420 os

140 3419 846 3541 ”iiiviriiryiigoinii‘irfflsiiiiiiii’aniiaiiiiiagoar
856 3482 936 3542 napa·
967 3513 971 3518 -
1024 3509 1026 3514 ,
