2438 3886
159 241 201 302 ab
427 255 467 296 οι
490 255 597 296 cassis
619 247 805 297 stuxcunar.

160 365 266 435 accipit,
287 364 383 434 quibus
405 363 432 418 ei
453 363 635 418 denuntiabat¹
658 381 692 416 ne
715 365 831 418 salntem
850 380 927 418 snam
949 363 1070 434 Philippo

161 435 353 492 committerer:
373 433 446 488 mille
458 433 564 486 talentis
575 451 592 486 a
603 434 688 486 Dareo
700 440 727 485 et
744 450 792 502 spe
810 434 960 502 nuptiarum
977 433 1071 488 sororis

162 504 222 584 ejus
233 519 292 556 esse
304 512 462 572 corruptum.
498 502 635 581 Ingentem
647 502 736 554 animo
748 501 955 556 sollicitudinem
967 503 1069 556 litterae

56 595 59 602 ⁴
162 579 333 641 incusserant,
346 582 373 625 et
389 571 515 642 quicquid
532 588 560 624 rn
577 579 717 640 utramque
735 580 836 640 partem
855 580 901 624 aut
919 579 1009 626 metus
1024 581 1071 626 aut

89 3370 95 3390 r
164 3346 206 3386 out
217 3337 286 3386 one’s
296 3336 355 3385 wilt
385 3337 450 3387 Here
459 3341 546 3387 omisso
555 3348 705 3402 metapotere
719 3341 749 3389 be

162 659 225 711 spes
236 641 392 711 subjecerat,
405 648 508 694 secreta
524 640 708 694 aestimatione
727 639 863 708 pensabat.
900 640 994 694 Bibere
1014 657 1071 710 per·

163 710 314 766 ιονοοοῐοῖ1
326 718 361 778 nt,
375 711 398 764 si
409 726 544 764 venenum
555 707 647 762 datum
658 709 744 776 suerit,
758 727 791 761 ne
808 709 939 761 immerito
951 710 1062 779 quidem

163 777 705 850 quioquidacciderit,evenisserideaturl
723 778 855 831 Damnem
864 778 960 830 medici
969 749 1070 832 tidem}

163 851 192 902 in
203 849 371 902 tabernaculo
383 865 444 917 ergo
456 863 501 900 me
512 845 625 916 opprimi
640 846 741 915 patiarl
777 849 813 900 At
830 849 913 900 satius
931 857 971 900 est
983 848 1071 900 alieno

164 935 209 974 me
226 917 292 973 mori
309 918 411 972 scelere
432 932 513 985 quam
531 924 604 968 metu
622 924 717 968 nostro.
755 915 804 968 Diu
822 916 911 968 animo
929 917 953 968 in
967 915 1071 969 diversa

165 998 274 1057 versato,
284 987 349 1040 nulli
360 957 424 1056 qnid
436 985 560 1054 scriptum
571 993 641 1036 esset
649 983 775 1052 enuntiat,
785 985 976 1056 epistolamque
984 984 1071 1054 sigillo

164 1057 236 1114 anuli
247 1057 287 1110 sui
298 1057 425 1126 impresso
436 1053 552 1124 pulvino,
564 1053 607 1106 cui
619 1052 796 1122 incumbebat,
810 1053 931 1123 subjecit.

202 1131 241 1180 15.
261 1126 331 1180 Inter
343 1125 392 1178 bas
402 1123 574 1192 cogitationes
587 1121 667 1175 biduo
679 1121 827 1191 absumpto,
840 1122 925 1176 illuxit
937 1141 954 1175 a
966 1121 1069 1176 medico

165 1193 312 1250 destinatus
330 1193 395 1262 dies,
416 1201 444 1246 et
462 1192 507 1245 ille
524 1209 587 1246 cnm
605 1191 707 1262 poculo,
729 1192 754 1244 in
773 1207 825 1260 quo
844 1193 1070 1246 medicamentum

165 1263 285 1332 diluerat,
308 1262 422 1316 intrarit.
457 1261 515 1322 Quo
537 1262 595 1314 viso
617 1260 768 1314 Alexander
791 1260 878 1314 levato
901 1261 1019 1332 corpore³
1042 1261 1068 1314 in

166 1332 255 1413 cubili,
267 1331 407 1401 epistolam
417 1347 434 1384 a
446 1329 619 1386 Parmenione
636 1330 747 1384 missam
759 1329 861 1382 sinistra
874 1347 953 1384 manu
968 1340 1068 1400 tenens,

166 1402 263 1473 aooipn
274 1400 405 1470 poculum,
418 1408 445 1454 et
463 1399 549 1454 haurit
566 1399 712 1454 interritus:
732 1401 800 1452 tum⁴
816 1399 952 1466 epistolam
973 1399 1070 1468 Philip·

167 1478 231 1542 pum
248 1470 335 1540 legere
352 1469 434 1540 jubet,
453 1486 503 1522 nec
519 1485 536 1522 a
553 1468 628 1522 vultu
645 1467 758 1538 legentis
776 1467 859 1521 movit
875 1469 972 1538 oculos,
990 1478 1068 1538 ratus,

166 1539 268 1610 aliquas
285 1540 459 1593 conscientiae
479 1546 555 1592 notas
573 1537 600 1590 in
620 1538 676 1608 ipsc
694 1553 739 1591 ore
754 1535 843 1608 posse⁸
861 1537 1068 1608 deprehendere.

167 1607 222 1678 ille,
235 1608 346 1678 epistola
357 1609 480 1686 perlecta,
494 1607 554 1678 plus
571 1606 755 1676 indignationis
766 1623 847 1728 (Suam
860 1608 964 1676 pavoris
981 1616 1068 1661 osten·

166 1677 220 1731 dit:
239 1677 415 1748 projectisque
426 1675 541 1730 amiculo
552 1683 579 1729 et
597 1675 690 1731 litteris
707 1684 769 1730 ante
790 1685 888 1744 ectum,
901 1677 965 1745 Rex,
979 1677 1069 1746 inquit,

166 1763 272 1816 semper
282 1745 392 1817 quidem
404 1745 510 1816 spiritus
521 1761 599 1800 meus
610 1761 644 1798 ex
656 1753 682 1798 te
699 1745 832 1823 pependit,
846 1745 894 1798 sed
911 1762 982 1798 nunc
1000 1763 1069 1815 vere,

165 1815 281 1885 arbitror,
294 1832 367 1870 sacro
379 1825 406 1868 et
419 1813 564 1868 venerabili
581 1830 626 1866 ore
645 1813 775 1867 trabitur.⁸
809 1813 914 1874 Crimen
926 1813 1067 1886 parricidii,

165 1885 236 1955 quod
255 1884 323 1940 mihi
341 1884 476 1955 objectum
495 1892 544 1953 est,
564 1891 610 1936 tua
629 1883 701 1936 salus
720 1881 810 1936 diluet.
846 1882 971 1938 Senatus
989 1899 1006 1936 a
1026 1900 1070 1938 me

165 1955 249 2010 vitam
270 1953 338 2010 mihi
360 1955 479 2008 dederis:
503 1970 547 2006 oro
569 1969 728 2074 quaesoque,
749 1952 856 2006 amisso⁷
879 1961 953 2006 metu
976 1960 1068 2032 patere

604 2021 609 2033 '
686 2038 736 2074 axa
764 2020 908 2092 paulisper⁸
940 2038 1069 2091 animum,

164 2023 391 2080 medicamentum
419 2021 521 2144 concipli
549 2039 640 2076 venis:

166 2109 248 2162 quem
265 2091 454 2162 intempestiva
470 2107 498 2145 so
520 2090 644 2144 icitudine
660 2089 740 2144 amici
757 2107 821 2144 sane
834 2090 935 2161 fideles,
950 2092 997 2144 sed
1015 2107 1070 2146 mo·

165 2161 233 2214 leste
256 2160 342 2214 seduli
365 2159 479 2214 turbant.
513 2161 574 2214 Non
596 2176 721 2212 securum
744 2159 823 2212 modo
846 2158 916 2213 haec
939 2177 997 2229 vox,
1023 2159 1070 2213 sed

165 2230 249 2284 etism
261 2229 362 2283 laetum
373 2245 464 2298 regem
476 2243 508 2282 ao
524 2229 634 2298 plenum
651 2227 737 2280 bonae
754 2228 813 2298 spei
825 2228 897 2282 lecit.
933 2229 1034 2299 ltaque,
1046 2229 1070 2282 si

166 2297 218 2369 Dii,
237 2298 330 2368 inquit,
349 2297 479 2367 Philipps,
498 2298 545 2351 tibi
567 2297 755 2368 permisissent,
776 2313 828 2367 qno
852 2297 929 2350 modo
953 2299 1070 2352 maxims

195 2405 203 2429 ¹
213 2399 276 2448 This
287 2401 344 2448 verb
355 2397 449 2458 implies
459 2398 518 2448 both
530 2399 637 2468 naming
651 2399 698 2449 and
714 2399 807 2468 threat3
825 2401 876 2448 that
887 2401 917 2458 is,
931 2400 961 2449 be
973 2401 1070 2452 warnsd

166 2457 306 2508 Alexander
320 2467 362 2506 not
377 2469 408 2526 to·
418 2467 480 2506 trust
496 2457 585 2520 Philip,
598 2457 645 2508 aud
659 2458 710 2509 told
725 2459 776 2507 him
791 2469 815 2509 at
830 2461 872 2509 the
888 2475 955 2509 sarna
971 2461 1029 2510 time
1045 2471 1071 2509 to

164 2517 254 2579 punish
264 2517 305 2566 the
311 2517 448 2586 physicran.
467 2576 472 2586 1
534 2575 540 2586 ·

88 2650 96 2662 ·
193 2575 1019 2698 ³ltltlghltttillltl'ttttlttrlilia,pann„
1034 2654 1068 2694 a,

166 2707 203 2780 we
213 2692 293 2801 halbiu
326 2767 352 2801 er
361 2729 413 2800 iirst
424 2751 501 2800 dranlr
510 2751 557 2821 the,
563 2751 681 2820 medicine
691 2753 793 2803 without
809 2769 856 2814 any
867 2755 933 2816 signs
944 2754 972 2803 ol
983 2754 1067 2812 slarm,

165 2809 212 2858 and
222 2810 282 2858 then
291 2810 385 2859 handed
395 2820 421 2859 to
431 2811 472 2860 the
487 2811 613 2871 physrcran
627 2811 669 2860 the
685 2811 756 2860 letter
767 2812 846 2862 which
857 2814 961 2862 accused
975 2812 1070 2862 him-a

144 2930 149 2940 ,
163 2868 241 2917 rohes
249 2877 274 2917 at
284 2883 344 2916 once
354 2868 382 2917 ol
389 2869 430 2938 the
441 2879 546 2931 greatest
557 2870 695 2940 conlidenoe
706 2872 731 2920 in
741 2871 831 2932 Philip,
844 2873 891 2920 and
900 2871 929 2921 of
940 2875 984 2921 but
995 2871 1069 2934 slight

165 2936 261 3056 repppeg
268 2926 304 3034 {br
316 2927 463 3036 Psasrgm'lihe
474 2928 802 3058 otirhrshiblheoilthhoiedectire
809 3003 917 3048 pronoun
927 2988 952 3038 in
962 2989 1004 3038 the
1013 3003 1068 3059 con·

164 3051 306 3152 ιεῐθῐὲοὲᾞ
318 3045 518 3155 §tlpgseocusatrve
529 3046 588 3095 with
600 3046 640 3098 tlte
651 3046 766 3097 infinitiva
777 3063 798 3096 ts
809 3057 850 3096 not
861 3063 913 3096 rare
924 3063 949 3097 tn
960 3048 1068 3098 Curtius.

188 3168 202 3193 Δ·
215 3160 276 3222 ‘My
286 3162 370 3211 bresth
381 3162 402 3212 is
412 3161 495 3212 &own
504 3162 566 3212 from
577 3163 620 3224 thy
631 3162 716 3212 mouth
724 3165 741 3223 ;'
753 3165 805 3214 that
816 3164 846 3222 is,
859 3179 901 3226 my
909 3165 950 3214 lile
961 3166 1069 3228 depende

165 3235 326 3328 caym&
339 3279 476 3340 commonly
486 3278 587 3329 denotas
602 3295 634 3328 an
648 3280 800 3352 involuntsry
810 3291 858 3340 act,
873 3287 914 3332 ‘to
924 3283 984 3332 lose'
996 3281 1068 3354 with·

807 3340 848 3390 the
863 3357 931 3391 same
946 3357 973 3390 as
988 3350 1070 3390 arama

162 3404 375 3505 merrzpffiere,
387 3397 476 3458 clearly
486 3411 614 3457 expresses
624 3411 655 3448 un
665 3408 705 3448 sot
715 3398 743 3448 ol
749 3355 858 3458 iniition,
872 3405 914 3450 ‘to
923 3408 966 3460 put
977 3400 1067 3462 away‚’

192 3517 201 3546 ⁸
212 3513 277 3566 ‘For
285 3530 302 3565 a
309 3513 379 3565 short
389 3514 464 3564 time.’
