2314 3886
171 245 232 307 ’ΞΜ
300 315 301 320 ¹
440 265 480 309 o}
502 263 608 306 enarra
620 265 813 306 autrxarroar.

173 383 285 428 eventus
310 381 429 426 vertente
454 371 566 426 iortuna.
609 373 742 444 Trajicere
765 389 873 426 amnem
897 387 964 424 cum
990 373 1080 424 ceteris

170 444 255 514 copiis
272 443 297 494 in
317 444 450 512 regionem
468 443 590 512 insulae,¹
602 443 701 512 dequa
713 444 888 496 antedictum
901 450 952 507 est,
966 443 1079 511 parabat,

169 529 265 565 averso
282 511 358 564 hoste
377 514 402 566 in
421 528 474 582 eos,
488 512 532 581 qui
550 529 612 564 oum
631 513 782 565 Ptolemaeo
802 511 954 564 inferiorem
974 512 1079 564 obsede-

173 591 229 634 rant
243 584 342 652 ripam;
360 599 423 634 cum
435 582 551 652 procella
563 583 675 634 imbrem
688 583 733 634 vix
751 581 801 634 sub
820 583 897 634 tectis
915 581 1080 632 tolerabilem

172 651 293 704 effundit.
336 651 479 720 Obrutique
508 651 608 704 milites
636 650 727 704 nimbo
751 651 776 702 in
801 660 896 702 terram
924 649 1080 718 resugemnt,

172 721 286 788 navigiis
309 721 462 789 ratibusque
482 719 603 772 desertis.
639 720 691 772 Sed
714 719 937 772 tumultuantium
955 719 1080 786 fremitua

171 789 385 858 obstrepentibus
400 790 494 858 ventis,
513 789 549 852 ab
566 789 641 842 hoste
659 805 710 841 non
732 797 832 859 poterat
850 787 944 840 audiri.
985 789 1081 841 Deinde

172 867 307 924 momento
320 859 444 928 temporis
456 874 590 927 repressus
601 859 652 911 est²
663 858 756 928 imber,
770 866 888 910 ceterum
901 857 973 908 adeo
987 857 1081 926 spissae

172 929 308 982 intendere
328 944 357 979 se
375 928 467 997 nubes,
487 936 516 980 ut
535 928 679 980 conderent
698 927 795 993 lucem,
815 927 914 996 risque
935 925 1082 995 colloquere

172 998 239 1052 tium
259 998 327 1050 inter
345 997 514 1066 ipsos'saciea
531 998 731 1049 noscitarentur.
768 996 917 1048 Terruisset
938 995 1027 1048 alium
1045 997 1082 1048 ob

169 1069 252 1120 ducta
264 1084 315 1120 uox
327 1066 408 1134 coelo,
421 1081 483 1119 curn
496 1067 584 1134 ignoto
596 1083 675 1118 amne
691 1065 869 1134 navigandum
882 1073 964 1130 esset,
980 1064 1083 1117 forsitan

172 1137 247 1189 hoste
262 1153 322 1188 eam
342 1136 428 1204 ipsam
446 1136 539 1204 ripam,
552 1151 632 1203 quam
651 1136 725 1198 caeci
744 1143 827 1203 atque
847 1135 992 1203 improvidi
1012 1144 1040 1186 et
1056 1151 1085 1187 er

172 1205 289 1276 periculo
309 1205 418 1272 gloriam
436 1215 605 1258 accersentes
622 1205 756 1273 petebant,
769 1212 927 1272 occupante.
964 1203 1086 1256 Obseuri

172 1282 264 1342 tatem,
280 1291 348 1343 quae
369 1282 470 1326 ceteros
489 1274 612 1344 terrebat,
632 1291 706 1326 suam
726 1273 892 1326 occasionem
912 1273 1013 1340 ratus,³
1031 1274 1087 1326 dato

119 1373 123 1388 t
173 1345 255 1412 signo,
274 1352 302 1395 ut
323 1359 416 1395 omnes
436 1341 540 1395 silentio
559 1341 741 1407 ascenderent,
761 1351 845 1394 ratem
865 1357 936 1408 eam,
951 1355 1016 1410 'qua
1037 1343 1087 1412 ipse

172 1411 326 1480 vehebatur,
346 1411 458 1481 primam
477 1411 554 1482 jussit
573 1411 681 1482 expelli.
718 1413 809 1465 Vnone
829 1419 885 1463 erat
909 1411 945 1462 ab
969 1411 1089 1464 hostibus

172 1482 236 1550 ripa,
250 1497 319 1549 quae
331 1479 486 1550 petebatur3
503 1480 603 1551 quippe
620 1481 708 1534 adhuc
726 1481 808 1534 Porus
826 1480 1018 1534 Ptolemaeum
1038 1491 1090 1533 tan·

172 1559 230 1602 tum
243 1549 400 1602 intuebatur.
435 1549 495 1602 Una
506 1565 569 1618 ergo
581 1549 650 1619 nari,
660 1567 743 1619 quam
754 1558 845 1619 petrae
857 1549 958 1602 fluctus
972 1550 1090 1619 illiserat,

173 1618 307 1742 huprente,
321 1626 426 1672 ceterae
445 1618 561 1672 eradunt
569 1635 578 1688 5
595 1635 724 1689 armaque
736 1635 834 1690 capere
845 1618 957 1687 milites,
973 1628 1003 1671 et
1018 1621 1058 1672 ire
1070 1622 1092 1673 iu

172 1705 202 1742 or
222 1691 280 1741 ines
309 1689 384 1741 ussit.

208 1764 249 1810 tr.
269 1705 382 1827 Jaquue
400 1773 497 1825 agmen
515 1757 541 1810 in
560 1770 658 1810 cornua
675 1756 792 1811 divisum
811 1757 867 1826 ipse
885 1757 1019 1825 ducebat,
1035 1775 1093 1811 eun

173 1827 239 1880 Poro
266 1830 407 1896 nuntiatur,
431 1826 513 1878 armis
537 1825 654 1896 virisque
684 1828 768 1897 ripam
798 1825 917 1894 obtineri,
944 1836 976 1878 et
1005 1845 1094 1880 remur

172 1897 267 1950 edesse
279 1897 429 1949 discrimen.
463 1897 505 1948 Ac
516 1895 612 2018 primo*
626 1895 736 1950 humani
755 1896 852 1966 ingenii
864 1895 929 1948 vitio
946 1897 1010 1964 spei
1033 1913 1095 1950 suaa

173 1967 319 2034 indulgens,
334 1965 464 2020 Abisaren
483 1963 517 2017 be
529 1964 547 2016 li
566 1965 666 2018 socium
685 1965 724 2087 pet
742 1965 779 2018 ita
797 1967 975 2034 convenerat)
994 1967 1095 2019 adven·

174 2045 229 2088 tare
253 2035 387 2089 credebat.
431 2035 498 2088 Mox
520 2033 662 2102 liquidiore
698 2051 748 2088 une
771 2035 906 2104 aperiente
932 2033 1097 2104 bostem,C

173 2105 314 2174 quadrigas
337 2113 363 2157 et
393 2105 443 2157 llll
466 2103 542 2156 milia
565 2103 687 2173 equitum
710 2103 829 2157 venienti
852 2103 957 2171 agmini
982 2105 1097 2174 objecit.

174 2175 233 2226 Dux
260 2181 316 2226 erat
342 2174 487 2242 copiarum,
512 2187 579 2242 quas
606 2173 751 2242 praemisit,
776 2173 866 2241 Hages
888 2171 975 2224 frater
999 2174 1097 2244 ipsius,

174 2259 280 2295 summa
297 2243 394 2295 virium
416 2243 442 2294 in
463 2241 590 2294 curribus.
628 2243 710 2295 Senos
728 2241 799 2295 viroa
822 2241 920 2309 singuli
943 2242 1098 2310 vehebant

173 2312 240 2363 duos
251 2310 386 2380 clipeatos,
399 2310 465 2363 duos
477 2311 631 2380 sagittarios,
645 2311 680 2364 ab
697 2319 807 2381 utroque
826 2311 909 2363 latere
928 2311 1100 2380 dispositos:

172 2381 281 2448 aurigae
294 2388 368 2432 erant
380 2379 471 2448 ceteri,
484 2379 557 2433 haud
570 2395 634 2433 sane
652 2381 775 2450 inermes,
789 2381 888 2462 quippe
906 2379 1006 2450 jacula
1028 2401 1100 2436 com·

192 2449 256 2519 lura,
276 2449 322 2502 ubi
342 2449 492 2501 comminus
508 2449 691 2517 proeliandum
710 2459 775 2520 erat,
794 2449 901 2502 omissis
919 2449 1058 2521 habenis,
1078 2453 1101 2505 in

173 2464 276 2572 iiostem
290 2517 454 2587 ingerebant.
490 2518 614 2572 Cetemm
626 2519 671 2571 vix
684 2519 754 2572 ullus
771 2535 836 2572 usus
853 2517 935 2588 hujus
949 2522 1061 2575 auxilii
1074 2539 1101 2574 eo

173 2588 216 2641 die
237 2589 299 2642 luit.
335 2589 467 2657 Namque,
492 2597 520 2640 ut
545 2604 623 2656 snpra
645 2587 815 2656 dictumest,
838 2588 926 2642 imber
949 2590 1103 2644 violentius

172 2675 255 2728 quam
272 2658 340 2711 aliae
357 2657 433 2710 susus
449 2673 558 2726 campos
576 2657 691 2710 lubricos
708 2666 735 2711 et
754 2657 955 2726 inequitabiles⁶
974 2659 1104 2727 lecerat;

172 2744 319 2797 gravesque
338 2736 364 2780 et
382 2727 573 2798 propemodum
592 2725 745 2781 immobiles
758 2743 850 2780 currus
862 2725 958 2780 illuvie
972 2747 1012 2780 ac
1029 2747 1103 2782 vora·

172 2797 288 2866 gruibus
317 2797 470 2850 haerebant.
512 2797 606 2850 Contra
634 2797 786 2850 Alexander
816 2796 943 2866 expedito
976 2817 1017 2852 ac
1053 2799 1105 2852 leri

172 2867 278 2934 agmine
298 2875 403 2919 strenue
421 2867 543 2919 invectus
560 2874 608 2918 est.
645 2866 758 2936 Scythae
777 2875 804 2919 et
823 2865 916 2919 Dahae
935 2869 1031 2936 primi
1052 2888 1106 2922 om·

172 2937 245 2988 nium
264 2935 385 2988 invasere
405 2935 498 2988 Indos:
523 2935 681 2988 Perdiccam
701 2933 798 2989 deinde
819 2951 882 2988 oum
902 2939 1064 3006 equitibus
1085 2941 1107 2991 iu

172 3004 295 3056 dextrum
318 3021 398 3057 cornu
422 3004 538 3058 bostium
562 3005 661 3057 emisit.
696 3003 757 3058 Jern
787 3003 907 3073 undique
938 3024 1048 3076 pugna
1081 3027 1108 3061 ee

202 3134 210 3156 ¹
223 3127 267 3175 ‘In
278 3127 319 3175 the
330 3127 446 3175 direction
457 3127 485 3176 of
492 3129 543 3176 that
555 3127 649 3176 island!

200 3206 211 3232 ²
223 3199 352 3256 ‘caused'
367 3205 433 3247 ‘was
444 3200 560 3249 cheelted’
573 3202 614 3260 (by
625 3199 666 3248 the
676 3199 755 3260 goda).

201 3273 259 3322 'He
271 3271 357 3320 loolred
366 3285 430 3330 upon
439 3271 480 3319 the
489 3272 607 3320 darkness
615 3287 642 3320 aa
651 3271 790 3320 afortunate
799 3272 981 3322 circumstance
992 3275 1041 3326 for
1051 3277 1111 3325 him.

201 3356 210 3418 f
224 3351 267 3398 ‘At
276 3349 346 3397 firsn’
357 3347 406 3395 thia
415 3349 435 3396 is
444 3348 485 3396 the
494 3349 592 3406 adverb,
600 3357 641 3396 not
650 3349 691 3398 the
700 3350 819 3412 adjective
828 3351 947 3414 ugreeing
954 3355 1031 3405 with
1042 3357 1113 3406 sitio.

203 3436 212 3460 ⁵
222 3433 228 3454 ‘
237 3427 304 3476 Untit
315 3427 352 3475 ior
362 3425 467 3486 cavalry,
479 3425 515 3474 sor
525 3442 552 3474 or
561 3426 639 3488 riding
649 3429 724 3476 over!

202 3499 267 3548 “Iu
277 3498 335 3549 mud
345 3498 392 3548 and
402 3497 488 3548 bolus.¹
