2314 3886
485 229 576 270 ursan
596 231 639 271 1x.
949 213 1016 276 '²285

108 359 220 416 quoque,
234 359 321 397 rarum
334 339 398 394 alibi
410 341 516 408 animal,
530 344 555 392 in
568 341 667 394 iisdem
677 341 810 396 montibus
822 335 907 397 erant.¹
927 345 1016 400 'Cete-

109 432 167 468 rum
190 415 240 468 hoc
264 428 361 466 nornen
382 410 470 463 beluis
490 411 603 463 inditum
624 427 640 460 a
660 411 785 464 Graecis:
810 413 939 466 sermonis
957 415 1017 484 ejus

109 481 192 552 ignari
209 483 281 536 aliud
300 481 391 548 lingua
409 497 456 532 sua
472 489 606 549 usurpant.
643 481 706 546 Rex,
720 481 822 534 duabus
834 483 945 537 urbibus
956 501 1016 538 con·

109 555 171 607 ditis
188 555 214 606 in
233 563 343 619 utraque
361 549 488 618 fluminis,
507 549 575 618 quod
594 560 771 618 superaverat,
791 552 864 621 ripa,¹
882 555 1017 622 copiarum

110 623 193 676 duces
210 620 312 674 coronis
329 627 356 672 et
374 619 449 672 mille
463 620 550 672 aureis
562 619 679 686 singulos
691 619 786 672 donat:
805 622 900 674 ceteris
912 640 1016 692 quoque

110 709 155 762 pro
173 690 300 762 portione⁹
319 698 364 741 aut
382 689 487 758 gradus,
506 705 587 757 quem
607 691 632 740 in
653 689 771 740 amicitia
791 689 952 761 obtinebant,
971 703 1016 745 aut

110 772 222 816 navatae
234 776 338 831 operae,
351 759 434 811 honos
445 759 553 814 habitus
563 767 613 810 est.
648 757 782 827 Abisares,
796 760 841 827 qui
853 761 925 829 prius
936 777 1016 830 quam

110 848 173 883 cum
185 831 249 883 Poro
261 829 432 882 dimicaretur
443 828 545 896 legatos
556 827 591 880 ad
603 827 785 880 Alexandrum
799 829 914 899 miserat,
928 847 1018 883 rursus
1034 869 1036 872 -

110 901 177 951 alios
199 899 280 968 misit,
302 897 464 968 pollicentes,
485 898 574 950 omnia
595 897 734 966 facturum,
755 914 826 966 quae
850 899 1016 968 imperasset,

112 970 188 1022 modo
207 986 242 1020 ne
260 977 399 1038 cogeretur
417 983 512 1035 eorpus
532 983 608 1018 suum
628 966 728 1018 dedere
738 967 756 1018 :³
774 983 862 1036 neque
881 968 953 1023 euim
971 979 1017 1022 aut

109 1039 167 1090 sine
179 1039 251 1104 regio
264 1037 373 1105 imperio
385 1036 526 1103 victurum,
543 1043 588 1087 aut
606 1044 776 1103 regnaturum
794 1051 853 1088 esse
872 1039 1016 1107 captivum.

110 1107 159 1160 Cui
184 1107 334 1159 Alexander
358 1106 471 1158 nuntiari
494 1104 579 1175 jussit,
600 1104 622 1157 si
641 1114 793 1173 gravaretur
812 1106 845 1158 ad
867 1123 896 1160 se
917 1107 1016 1177 venire,

111 1176 244 1246 ipsumad
257 1192 320 1228 eum
333 1183 553 1231 esseveuturum.
760 1205 762 1212 ι
1051 1191 1054 1199 .

146 1250 169 1297 2.
188 1245 263 1314 Hinc,
277 1245 342 1297 Poro
353 1259 434 1298 amne
446 1245 587 1314 superato,⁴
597 1243 632 1296 ad
645 1243 767 1296 interiora
778 1243 868 1298 Indiae
881 1246 1016 1316 processit.

109 1314 199 1368 Silvae
208 1324 281 1366 erant
289 1329 370 1384 prope
382 1316 408 1366 in
421 1314 583 1368 immensum
593 1314 707 1382 epatium
717 1312 839 1383 diffusae,
849 1316 1017 1385 procerisque

111 1393 137 1436 et
149 1385 175 1436 in
188 1383 316 1436 eximiam
328 1383 495 1437 altitudinem
508 1383 587 1436 editis
600 1383 736 1436 arboribus
751 1384 901 1438 umbrosae.
936 1385 1017 1438 Pleri-

109 1471 162 1523 que
182 1453 248 1506 rami
267 1455 348 1506 instar
366 1453 512 1522 ingentium
531 1452 651 1521 stipitum
668 1453 731 1506 flexi
751 1453 778 1506 in
795 1453 916 1522 humum,
929 1471 1018 1508 rursus

109 1539 163 1592 qua
183 1540 212 1576 se
231 1531 403 1576 curvaverant
423 1521 599 1590 erigebantur,
618 1521 686 1574 adeo
705 1530 734 1574 ut
754 1524 858 1592 species
877 1532 948 1576 esset
965 1540 1017 1578 non

110 1595 177 1646 rami
195 1592 360 1661 resurgentis,
374 1590 421 1644 sed
440 1592 540 1644 arboris
552 1607 585 1642 ex
598 1607 646 1642 sua
659 1591 748 1643 radice
759 1601 909 1660 generatae.
945 1593 1017 1646 Coeli

109 1662 254 1732 temperies
274 1661 400 1730 salubris,
418 1661 464 1730 qui
484 1677 517 1730 pe
538 1669 565 1711 et
580 1659 638 1712 vim
660 1659 723 1712 solis
742 1661 853 1714 umbrae
873 1661 971 1732 levant,
990 1670 1018 1716 et

107 1741 195 1803 'aquae
207 1731 295 1799 largae
308 1737 416 1784 manant
428 1747 444 1782 e
456 1679 582 1782 thuribus.
612 1729 734 1782 Ceterum
745 1729 789 1782 hic
797 1745 901 1810 quoquc
911 1747 953 1784 ser
989 1749 1017 1786 n·

109 1801 176 1854 tium
201 1817 297 1868 magna
317 1799 358 1851 vis
377 1809 441 1868 erat,
463 1798 582 1867 squamis
604 1797 734 1866 fulgorem
757 1816 813 1852 aun
837 1799 958 1853 reddenti
976 1817 1016 1854 us.

109 1869 186 1923 Virus
198 1869 269 1922 haud
282 1867 365 1920 ullum
378 1869 465 1937 magis
476 1868 584 1920 noxium
597 1875 645 1936 est,
655 1868 753 1938 quippe
763 1885 879 1922 morsum
892 1886 1027 1940 praesens,

110 1955 180 1991 mors
198 1936 373 2006 sequebatur,
391 1936 477 1989 donec
496 1936 530 1989 ab
550 1935 643 1988 incolis
663 1937 811 1989 remedium
830 1937 949 1991 oblatum
967 1947 1016 1992 est.

109 2008 177 2059 Hinc
189 2006 352 2076 perdeserta
364 2015 474 2058 ventum
486 2013 526 2058 est
538 2005 572 2057 ad
585 2005 685 2058 flumen
701 2006 724 2057 H
744 2007 858 2058 arctim.⁶
892 2007 1018 2061 iunctum

109 2085 166 2129 erat
179 2075 283 2128 flumini
297 2091 399 2146 nemus,
413 2091 526 2144 opacum
544 2074 679 2127 arboribus
696 2023 761 2128 alihi
778 2075 914 2142 inusitatis,
930 2092 1017 2145 agres-

110 2147 229 2214 tiumque
247 2161 378 2214 pavonum
398 2143 566 2197 multitudine
583 2142 716 2213 frequens.
752 2143 849 2196 Castris
866 2146 927 2198 iride
939 2147 1019 2200 motis

109 2214 237 2284 oppidum
255 2213 327 2266 haud
345 2213 435 2284 procul
447 2215 562 2283 positum
573 2229 667 2266 corona
679 2213 758 2284 capit,
772 2214 961 2285 obsidibusque
974 2233 1017 2270 ae·

109 2285 195 2354 ceptis
207 2283 367 2352 stipendium
379 2284 499 2352 imponit.
637 2338 639 2342 ,

144 2359 169 2405 3.
188 2352 229 2406 Ad
250 2369 374 2420 magnam
392 2353 498 2422 deinde,
511 2362 540 2406 nt
556 2354 582 2405 in
601 2369 633 2406 ea
645 2353 758 2422 regione,
772 2353 878 2407 urbem⁸
888 2355 1016 2425 pervenit,

109 2441 159 2476 non
173 2439 247 2475 muro
260 2422 353 2492 solum,
368 2422 415 2475 sed
432 2423 512 2476 etiam
531 2423 628 2492 palude
647 2424 786 2478 munitam.
823 2423 945 2478 Ceterum
959 2423 1017 2492 bar·

108 2493 163 2546 bari
182 2490 313 2544 vehiculis
333 2491 400 2545 inter
421 2509 450 2544 se
469 2491 567 2560 junctis
586 2492 735 2545 dimicaturi
756 2493 939 2546 occurrerunt}
964 2493 1018 2546 tela

106 2562 166 2616 aliis
181 2561 283 2630 hastae,
296 2560 355 2615 aliis
373 2579 480 2614 secures
497 2571 572 2616 erant
580 2578 588 2629 3
607 2561 842 2640 transiliebantque
854 2560 881 2616 in
895 2561 1018 2616 vehicula

108 2642 213 2685 strenuo
226 2630 304 2700 saltu,
317 2647 380 2684 oum
399 2647 551 2684 succurrere
569 2629 750 2684 laborantibus
766 2647 821 2682 suis
832 2630 940 2686 vellent.
976 2634 1017 2686 Ao

110 2769 210 2876 Nieqleqr
225 2767 311 2816 author
327 2767 467 2816 afterwards
483 2767 589 2828 (chapter
606 2770 641 2822 1³)
658 2765 717 2816 calls
733 2767 801 2816 them
816 2767 956 2830 Bucephala
970 2773 1017 2821 and

137 2887 499 3015 :vgimhtiiimhldrhhfnhee
511 2946 608 3005 Zumpt,
622 2946 695 3001 idib,
705 2947 789 3014 odfin.

137 3009 146 3032 ⁴
157 3003 206 3050 We
218 3004 290 3050 know
301 3004 329 3051 os
335 3019 367 3052 no
377 3020 440 3054 river
450 3003 528 3052 called
540 3005 624 3053 Porus.
655 3005 752 3064 Arrran,
764 3005 885 3065 however,
895 3010 1016 3058 mentions

108 3063 150 3110 the
162 3063 318 3129 conquestos
329 3063 430 3112 another
446 3063 505 3131 king
520 3063 548 3111 of
559 3063 611 3110 that
627 3077 697 3130 name
709 3069 745 3118 (so
756 3062 807 3113 that
818 3065 921 3134 perhaps
931 3068 956 3115 in
967 3068 1016 3116 this

109 3120 201 3191 partos
214 3121 283 3188 ¹lndra
294 3121 375 3190 Porus,
382 3138 434 3170 was
449 3138 464 3170 a
479 3122 532 3170 trtle
548 3137 686 3190 expressiva
703 3121 730 3170 ol
742 3123 783 3171 the
799 3124 896 3194 highest
912 3127 1015 3194 dignity,

109 3179 1016 3308 btul'ttlttttttlllltttltllttltultl..llttltlltl

108 3299 130 3347 It
142 3313 163 3346 rs
191 3297 281 3346 oesrble
293 3297 345 3344 that
356 3297 397 3345 the
408 3308 460 3346 text
471 3314 492 3347 rs
502 3309 598 3359 corrupt
609 3299 675 3346 here.

138 3365 145 3389 ⁵
185 3371 224 3404 ow
234 3355 326 3426 Ravee,
339 3357 389 3404 still
400 3356 502 3427 withan
513 3357 632 3418 approach
643 3368 668 3406 to
678 3357 720 3406 the
731 3360 825 3428 anciept
836 3375 907 3410 name
918 3359 1016 3410 Iraeeti.

108 3415 297 3526 cssffi‘fffflmg
314 3425 341 3464 to
359 3416 447 3464 Arnen
466 3426 484 3492 rt
502 3429 553 3466 was
572 3417 686 3480 Sangala,
706 3416 748 3467 the
765 3419 833 3468 chres
846 3427 914 3469 town
931 3419 960 3469 ol
974 3419 1016 3472 the
