2314 3886
353 193 371 225 l

477 271 570 313 naua
590 273 655 315 rnr.
960 259 1016 314 att

110 390 209 453 quanto
225 380 335 435 meliore
353 389 429 451 sorte,
449 389 538 450 quarn
550 382 656 452 Persae,
673 382 724 436 sub
739 399 801 453 rege
813 383 929 437 viratisl
964 383 1019 438 Illis

109 452 182 505 enim
200 453 226 505 in
247 451 313 504 sella
332 450 401 519 regis
416 450 570 503 consedisse
585 451 690 520 capital¹
707 451 781 522 foret,
795 453 842 506 tibi
862 453 939 508 saluti
958 453 1018 506 suit.

109 521 216 575 Postero
234 520 278 574 die
295 519 445 574 convocatis
461 519 558 572 amicis
575 522 762 590 copiarumque
774 522 893 590 ducibus,
906 539 1018 604 pronun·

109 591 169 644 tiari
183 590 273 659 iussit,
295 589 383 658 ipsum
403 590 499 654 omnia,
518 605 587 657 quae
607 589 707 642 amissa
727 600 823 661 essent,
845 592 1016 646 reddrturum.

110 660 144 713 Et
159 659 286 729 promisso
304 658 372 711 fides
389 657 496 710 extitit.²
530 659 601 711 Nam
619 658 789 728 Sysimithres
801 661 885 714 multa
898 661 1019 731 jumenta

107 738 134 782 et
158 728 322 782 camelorum
345 727 397 780 duo
421 727 495 780 milia
517 726 636 796 adduxit,
661 745 809 799 pecoraque
832 739 859 782 et
882 739 1017 799 armenta,

107 811 177 868 quae
197 797 337 852 distributa
360 797 456 866 pariter
478 796 593 850 militem
616 805 643 850 et
666 797 765 851 damno
785 807 812 851 et
832 798 904 852 farne
924 800 1018 855 libera·

108 875 210 920 verunt.
245 868 310 936 Rex,
329 867 441 934 gratiam
461 865 510 918 sibi
530 865 642 920 relatam
660 884 678 919 a
696 866 852 946 Sysimithre
876 870 1017 939 praelatus,

108 953 156 988 sex
174 936 276 989 dierum
295 945 370 988 cocta
388 936 487 988 cibaria
505 934 573 987 ferre
591 936 691 990 milites
706 937 793 1006 Jussit,
809 937 901 1006 Sagos⁸
915 948 1017 1007 petens.

107 1005 201 1058 Totam
220 1006 290 1058 hanc
307 1005 441 1073 regionem
458 1004 643 1076 depopulatus,
661 1007 733 1060 XXX
749 1006 823 1060 milia
840 1023 966 1078 pecorum
984 1025 1019 1062 ex

108 1074 205 1146 praeda
218 1074 366 1144 Sysimithri
379 1073 446 1127 dono
458 1074 512 1127 dat.

146 1149 185 1197 tu.
205 1143 269 1197 Inde
287 1144 407 1213 pervenit
425 1144 452 1196 in
471 1143 613 1212 regionem,
632 1144 675 1198 cui
694 1145 829 1216 Oxyartes,
843 1153 962 1215 satrapes
973 1161 1018 1200 no-

108 1213 178 1282 bilis,
191 1225 318 1282 praeerat,
351 1213 376 1266 ui
394 1229 424 1265 se
442 1213 513 1280 regis
530 1214 653 1282 potestati
670 1213 787 1285 fideique
805 1215 933 1284 permisit.
969 1215 1018 1269 Ille

108 1282 221 1352 imperio
240 1283 264 1335 ei
285 1230 395 1352 reddito,
416 1281 488 1335 haud
512 1282 635 1352 amplius,
656 1301 738 1353 quam
757 1292 787 1337 ut
809 1283 862 1337 duo
882 1284 1018 1339 extribus

107 1351 169 1404 filiis
191 1367 284 1404 secum
307 1351 468 1421 militarent,
483 1354 582 1421 exegit.
625 1353 748 1424 Satrapes
770 1353 852 1408 etiarn
875 1369 946 1423 eum,
971 1356 1018 1424 qui

107 1437 191 1490 penes
214 1421 301 1492 ipsum
323 1420 525 1490 relinquebatur,
547 1421 634 1475 tradit.
671 1423 818 1477 barbarae
840 1422 938 1477 olentia
957 1439 1018 1478 oon·

106 1490 215 1559 rivium,
236 1507 288 1560 quo
308 1507 399 1559 regern
418 1490 575 1561 accipiebat,
596 1492 763 1546 instruxerat.
799 1493 811 1546 1
849 1509 912 1546 cum
934 1493 1019 1548 multa

106 1560 232 1612 comitate
252 1559 407 1628 celebraret,
429 1560 557 1614 introduci
580 1561 652 1614 XXX
671 1562 774 1616 nobiles
793 1562 909 1630 virgines
930 1561 1017 1632 jussit.

107 1629 178 1682 Inter
194 1645 262 1698 quas
278 1637 335 1682 erat
353 1628 407 1682 filia
425 1629 508 1698 ipsius
525 1631 634 1683 Roxane
652 1631 767 1701 nomine,
786 1631 885 1683 eximia
902 1631 1018 1700 eorporis

107 1698 196 1767 specie
208 1709 235 1751 et
248 1698 344 1752 decore
357 1698 463 1751 babitus
480 1699 506 1750 in
524 1699 645 1752 barbaris
657 1702 733 1753 raro.⁴
766 1699 843 1758 Quae
855 1715 1018 1769 quamquam

106 1768 174 1820 inter
191 1766 291 1820 electas
309 1774 480 1838 processerat,
496 1768 619 1822 omnium
633 1776 725 1823 tamen
742 1768 832 1822 oculos
849 1771 977 1822 convertit
989 1769 1018 1823 in

106 1853 143 1905 se,
163 1837 283 1891 maxime
302 1836 378 1905 regis,
398 1836 487 1890 minut
505 1853 561 1906 pern
579 1837 769 1906 cupiditatibus
788 1837 844 1890 suis
863 1838 1018 1908 imperantis

106 1905 174 1958 inter
190 1905 328 1974 obsequia⁵
345 1904 473 1975 fortunae,
492 1914 680 1976 contraquam
699 1923 749 1960 non
770 1907 835 1960 satis
853 1915 932 1960 cauta
950 1925 1017 1960 mor-

106 1973 204 2027 talitas⁰
224 1982 273 2028 cst.
309 1974 402 2043 ltaque
422 1973 482 2044 ille,
495 1975 541 2043 qui
561 1990 671 2031 uxorem
691 1976 780 2045 Darei,
799 1977 845 2045 qui
862 1976 931 2030 duas
949 1977 1018 2032 filias

106 2043 228 2113 virginee,
253 2042 351 2113 quibus
376 2041 461 2094 sonna
486 2051 590 2112 praeter
613 2045 739 2099 Roxanen
768 2045 915 2114 comparari
945 2045 1019 2099 nulla

105 2120 216 2183 potarat,
236 2111 307 2165 haud
325 2111 376 2164 alio
394 2112 489 2182 animo,
506 2129 586 2181 quarn
604 2115 727 2184 parentis,
743 2121 891 2184 aspexerat,
910 2123 973 2168 tune
991 2115 1018 2169 in

106 2197 224 2234 amorem
248 2180 439 2251 virgunculae,⁷
461 2181 484 2234 si
508 2182 596 2250 regiae
619 2183 652 2236 eti
685 2184 692 2236 i
718 2192 920 2253 compararetur,
945 2183 1018 2252 igno·

105 2250 175 2320 bilis,
188 2251 225 2304 ita
237 2249 340 2304 effusus
351 2258 399 2317 est,
412 2259 442 2304 ut
453 2250 555 2304 diceret
571 2251 606 2304 ad
625 2262 665 2304 sta
686 2253 815 2308 iliendum
832 2269 942 2322 regnum
960 2270 1018 2323 per·

107 2321 199 2390 tinere,
218 2321 313 2374 Persas
330 2328 357 2372 et
374 2320 539 2374 Macedones
550 2321 680 2376 connubio
692 2322 782 2393 jungi:
802 2321 852 2375 hoc
869 2338 921 2376 uno
938 2322 1018 2376 modo

106 2397 134 2442 et
157 2390 285 2460 pudorem
308 2390 393 2460 victis,
414 2398 442 2443 et
465 2390 618 2460 superbiam
638 2391 781 2446 viatoribus
803 2391 906 2445 detrahi
930 2409 1017 2462 posse.

106 2459 240 2513 Achillem
257 2475 371 2581 quopue,
384 2475 401 2511 a
412 2475 464 2530 quo
481 2476 566 2528 genus
583 2461 641 2530 ipsa
659 2460 814 2524 deduceret,
832 2477 894 2515 eum
913 2461 1018 2532 captiva

105 2529 206 2584 coisse:
230 2545 265 2582 ne
290 2528 379 2582 inatri
402 2529 479 2582 nefas
503 2529 695 2600 arbitrarentur,
720 2532 757 2583 ita
778 2531 937 2584 matrimonii
959 2530 1018 2599 jure

106 2598 176 2652 velle
194 2598 290 2668 jungi.⁸
324 2598 459 2667 Insperato
477 2598 574 2666 gaudio
592 2599 677 2654 laetus
696 2607 772 2670 pater
790 2616 940 2653 sermonem
960 2598 1019 2668 ejus

106 2668 218 2737 excipit:
240 2675 266 2720 et
279 2683 326 2720 rex
337 2669 363 2719 in
377 2666 467 2720 medio
479 2667 632 2737 cupiditatis
644 2669 736 2721 ardore
747 2668 824 2738 jussit
836 2667 922 2721 afferri
935 2669 1018 2737 patrio

106 2753 180 2790 mora
193 2751 299 2806 panem.
328 2735 386 2790 Hoc
394 2745 450 2789 erat
458 2737 529 2807 apud
541 2737 707 2791 Macedones
714 2737 913 2791 sanctissimum
921 2742 1018 2791 oo'eun-

137 2855 144 2878 ¹
157 2851 190 2898 ‘A
202 2850 290 2909 capital
300 2852 374 2920 crime
382 2852 399 2900 ε’
417 2852 457 2899 the
471 2861 556 2900 neuter
566 2851 595 2900 of
605 2851 723 2914 capitalia,
735 2852 795 2922 with
806 2852 847 2901 tlte
859 2851 965 2901 estruelr
976 2854 1017 2904 off.

135 2913 146 2940 ¹
158 2908 225 2957 ‘And
235 2909 277 2958 tlte
285 2925 392 2992 promise
404 2925 455 2959 was
466 2911 525 2971 kept
534 2912 550 2958 r’
562 2913 634 2973 fider,
646 2911 712 2969 bera,
728 2910 837 2981 ‘laptbsul
853 2911 1017 2972 persormunoe

108 2967 334 3095 ⁰r⁸fidudhd¹tili¹riewn
343 3029 403 3077 tribe
415 3029 439 3077 in
451 3029 585 3089 Sogdiaua:
598 3037 639 3076 not
648 3029 689 3077 the
698 3044 765 3078 same
774 3044 801 3078 es
809 3029 850 3078 the
862 3030 947 3088 Sacas,
958 3031 1017 3081 with

109 3085 191 3172 vulpem
202 3092 250 3140 (vu.
262 3090 300 3141 38)
310 3102 383 3147 peace
395 3087 441 3136 had
452 3088 514 3136 been
525 3087 665 3136 concluded.
710 3146 715 3156 Ι
778 3148 785 3171 v
861 3148 866 3159 ,

176 3142 212 3191 Os
218 3160 234 3192 a
241 3143 347 3206 deoeucy
354 3146 383 3194 os
390 3146 457 3195 dress
466 3161 517 3194 raro
526 3162 614 3206 among
622 3148 775 3206 barbaranu
797 3148 849 3197 that
860 3165 889 3206 ts,
905 3149 1018 3200 ‘dressed

91 3238 94 3282 1
110 3201 170 3293 wi‘tlp
176 3218 196 3308 Fa·
205 3202 312 3285 decencp
323 3204 401 3264 rarely
411 3221 478 3254 seem
490 3221 577 3266 among
588 3205 751 3282 barbarione(

198 3277 292 3310 arcura.
615 3281 620 3290 ·

139 3325 148 3351 ⁸
161 3319 274 3368 ‘Human
285 3322 388 3378 nature‚'
399 3323 539 3372 sometimes
550 3323 688 3382 equivalent
698 3336 724 3373 to
734 3327 851 3376 mortula.

139 3379 193 3426 ΗΑ
206 3394 286 3440 young
296 3381 410 3437 maiden‚’
424 3380 473 3428 like
483 3385 620 3432 muliercula
634 3382 696 3432 from
711 3386 802 3440 mulier,
815 3383 993 3452 expressisses
1003 3400 1018 3433 a

110 3437 202 3488 senam
212 3437 300 3499 degree
311 3439 340 3488 ol
352 3448 483 3500 contempt,
496 3457 524 3490 so
535 3442 570 3490 sar
581 3457 608 3490 aa
619 3443 735 3502 regarded
744 3442 788 3491 her
798 3450 886 3490 station
897 3441 922 3488 in
932 3441 981 3491 lile.

139 3503 148 3528 ⁸
160 3495 214 3546 ‘He
225 3497 339 3548 intended
349 3508 375 3547 to
385 3499 451 3548 unite
462 3499 564 3549 himself
574 3510 601 3549 to
611 3500 655 3551 her
664 3503 697 3562 by
708 3518 722 3551 a
732 3501 827 3563 regular
837 3499 971 3563 marriage)
