2410 3890
153 203 209 259 120
421 213 460 253 aa
484 214 591 252 essars
614 213 799 254 traxeram.

153 325 317 387 infestiorem
335 323 428 376 urbem
447 321 557 376 Graecis
575 338 643 392 esee,
656 337 738 390 quarn
752 321 850 390 regiam
862 329 981 374 veterum
1002 317 1063 374 Per·

153 397 217 448 sidis
247 411 347 461 regum.
395 391 463 444 Hinc
492 390 537 442 illa
566 389 699 442 immensa
724 389 832 458 agmina
861 387 974 442 inlusa:¹
1001 387 1063 442 hinc

154 467 268 517 Dareum
287 464 367 532 prins,
386 461 448 513 dein
465 461 580 513 Xerxem
602 461 722 528 Europae
742 459 852 527 impium
870 455 990 510 intulisse
1007 457 1063 511 bel·
1108 473 1110 476 ·

153 534 218 586 lum.
256 531 366 585 Excidio
379 529 449 582 illius
467 527 670 598 parentandum²
682 544 741 580 esse
760 527 912 597 majoribus.
947 528 1008 590 ,Jam
1029 545 1063 580 ue

153 601 264 669 barbari,
284 601 388 654 deserto
407 598 510 670 oppido,
529 615 581 667 qua
599 614 733 666 quemque
751 608 840 650 metus
862 597 966 666 agebat,
986 595 1011 648 d'
1036 614 1063 651 u·

154 680 260 740 gerant:
281 687 342 723 curn
355 686 402 722 rex
414 667 575 738 phalangem
588 667 653 718 nihil
666 676 805 719 cunctatus
818 665 927 720 inducit.
963 667 1066 720 Multas

155 740 241 806 urbes,
255 738 366 792 refertas
384 737 519 808 opulentia
536 737 616 804 regi-a,
631 737 724 814 partim
744 745 948 806 expugnaverat,
962 747 1064 806 partem

156 811 181 861 in
194 809 275 862 fidem
287 815 436 876 acceperat,
450 805 496 858 sed
511 806 582 860 urbis
594 805 673 876 hujus
691 805 798 858 divitiae
811 807 897 858 vicere
916 805 1065 874 praeterita.

156 878 187 932 ln‘
210 879 277 929 hano
300 879 379 930 totius
403 875 516 928 Persidis
536 891 600 943 opes
620 881 807 942 congesserant
830 873 946 928 barbari:
971 892 1064 928 aurum

156 957 347 1015 argentumque
360 944 526 998 cumulatum
538 953 601 1012 erat,
615 943 707 996 vestis³
719 945 812 1012 ingens
829 943 932 1012 modus,
946 944 1067 1014 supellex

157 1033 206 1070 non
225 1017 259 1067 ad
278 1031 365 1083 usum,
385 1013 438 1066 sed¹
450 1013 485 1066 ad
502 1013 706 1066 ostentationem
725 1012 802 1066 luxus
820 1021 980 1082 comparata.
1016 1015 1066 1066 lta-

157 1103 209 1157 que
229 1085 296 1137 inter
315 1084 386 1152 ipsos
404 1083 517 1136 victores
537 1081 605 1136 ferro
626 1081 816 1135 dimicabatur:
841 1098 886 1150 pro
907 1082 982 1136 hoste
1002 1093 1065 1150 erat,

157 1155 202 1224 qui
215 1153 396 1222 pretiosiorem
410 1160 586 1222 occupaverat
604 1151 745 1222 praedam:
764 1159 790 1204 et
809 1169 871 1204 curn
889 1152 986 1220 omnia,
999 1169 1067 1222 quae

159 1223 338 1292 recipiebant,⁴
350 1238 446 1291 capere
464 1239 516 1274 non
534 1230 647 1292 possent,
660 1219 715 1292 jam
735 1237 845 1273 resnou
863 1220 1066 1290 occupabantur,

158 1292 203 1344 sed
217 1290 434 1344 aestimabantur.
470 1290 634 1343 Lacerabant
652 1291 738 1358 regias
751 1299 847 1358 vestes,
860 1289 894 1342 ad
907 1307 936 1342 se
974 1290 1068 1360 uisque

158 1368 261 1430 partem
282 1358 431 1412 trahentes:
453 1357 567 1412 dolabris
587 1359 717 1430 pretiosae
737 1360 800 1412 artis
819 1376 885 1412 vaea
904 1307 1066 1412 caellebant:

155 1429 229 1481 nihilv
244 1445 331 1498 neque
352 1429 481 1481 intactum
505 1436 568 1497 erat,
589 1445 676 1496 neque
696 1429 829 1496 integrum
848 1427 999 1496 ferebatur;
1022 1427 1067 1482 ab·

160 1510 235 1568 rupta
253 1497 451 1551 simulacromm
471 1497 599 1566 membra,
613 1507 642 1549 ut
660 1497 772 1570 quisque
790 1497 925 1565 avelleret,
939 1495 1068 1551 trahebat.

159 1569 254 1638 Neque
278 1566 390 1620 avaritia
406 1567 499 1636 solum,
521 1565 671 1620 sedetiam
691 1565 840 1636 crudelitas,
861 1567 888 1620 in
907 1576 985 1636 capte
1002 1565 1069 1624 ,urbe

158 1646 275 1706 grassata
296 1644 353 1688 est:
373 1652 436 1688 auro
458 1645 620 1706 argentoque
640 1635 727 1690 onusti
747 1635 809 1688 vilia
829 1637 994 1706 captivorum
1015 1653 1068 1688 cor-

159 1723 221 1776 pora
242 1704 414 1776 trucidabant,
471 1705 600 1774 ssimque⁵
618 1705 688 1758 obvii
709 1705 895 1774 caedebantur,
916 1721 983 1773 quos
1005 1714 1068 1758 ante

159 1775 272 1844 pretium
286 1774 326 1826 eui
338 1774 435 1827 misera
456 1774 505 1827 iles
516 1773 635 1826 lecerat.fl
670 1774 749 1828 Multi
761 1791 822 1843 ergo
840 1773 957 1828 hostium
974 1791 1070 1828 manus

159 1843 304 1896 voluntaria
321 1849 404 1896 morte
424 1850 627 1912 occupaverunt,
646 1842 836 1912 pretiosissima
854 1844 967 1898 vestium
986 1841 1070 1898 induti

160 1930 175 1965 e
195 1914 278 1966 muris
297 1912 392 1966 semeti
413 1929 456 1966 sos
474 1930 538 1966 curn
557 1910 713 1984 conjugibus
732 1929 764 1966 ac
783 1912 873 1966 liberis
895 1913 922 1966 in
934 1929 1070 1982 ,praeceps

158 1983 296 2053 jacientes.
332 1930 447 2040 Quidim
467 1981 544 2050 ignes
571 1981 642 2052 quod
665 1981 743 2051 paulo
766 1989 824 2050 post
847 1981 964 2036 facturus
987 1981 1070 2034 hostis

160 2052 305 2119 videbatur,
319 2051 487 2122 subjecerant
499 2021 618 2122 aedibus,
633 2059 661 2104 ut
673 2067 735 2104 cum
748 2050 804 2104 suis
815 2050 870 2104 viri
881 2060 1069 2106 cremarentur.

159 2121 282 2172 Tandem
301 2121 366 2172 suis⁷
385 2137 431 2172 rex
451 2120 602 2189 corporibus
623 2128 649 2171 et
668 2118 741 2173 cultu
760 2119 918 2174 feminarum
937 2119 1069 2174 abstinere

159 2190 244 2258 jussit.
280 2187 376 2256 ingens
399 2188 520 2256 captivae
539 2190 669 2259 pecuniae
689 2187 784 2242 modus
805 2187 920 2258 traditur,
940 2205 1020 2268 prope
1041 2199 1069 2244 ut

160 2257 243 2310 fidem
263 2255 383 2309 excedat.
420 2256 545 2311 Ceterum
563 2266 609 2310 aut
629 2256 663 2310 de
680 2258 739 2310 aliie
753 2274 858 2329 quoqne
877 2257 1068 2326 dubitabimus,

160 2335 206 2378 aut
230 2325 378 2395 credemus,
399 2325 425 2378 in
448 2325 529 2396 hujus
548 2326 622 2380 urbis
640 2329 718 2394 gaza⁸
737 2327 820 2380 fuisse
840 2327 860 2382 C
881 2337 908 2380 et
927 2327 975 2380 XX
993 2325 1069 2382 milia

161 2395 304 2448 talentum:
324 2394 358 2446 ad
377 2411 446 2464 quae
465 2394 588 2448 vehenda
608 2396 735 2465 (namque
755 2397 790 2450 ad
810 2414 874 2453 usus
892 2395 955 2452 belli
976 2413 1068 2450 secum

161 2473 262 2534 portare
278 2462 444 2534 decreverat)
460 2463 581 2534 jumenta
599 2472 626 2517 et
642 2465 786 2532 camelosa
798 2467 870 2522 Susis
887 2478 914 2522 et
933 2463 1068 2537 babylone

188 2581 336 2688 {licito
346 2581 1067 2701 lutto,xltltctrtttltllltttffhtridete:

189 2705 197 2728 ³
208 2699 262 2748 The
274 2700 381 2760 singular
391 2715 518 2761 expresses
530 2699 604 2756 eloth,
615 2715 710 2758 woven,
720 2704 763 2749 but
774 2657 892 2770 normali
903 2702 954 2750 into
964 2703 1065 2762 partiou-

161 2758 195 2805 ler
205 2769 335 2826 garments.
367 2759 469 2820 Carpets
481 2758 526 2807 and
538 2768 645 2820 tapestry
655 2770 697 2808 too
707 2775 763 2820 may
774 2762 805 2808 be
816 2759 935 2808 included.

173 2823 197 2884 Ι·
210 2817 315 2865 ‘Which
326 2818 385 2878 they
394 2833 457 2866 were
466 2818 674 2879 appropriatingto
683 2819 848 2868 themselves!
865 2818 1065 2881 Recipereiswit·

160 2875 356 2981 trlykcontreepqd
371 2877 431 2925 with
446 2893 534 2939 capere,
552 2877 631 2925 which
647 2877 705 2926 here
720 2893 803 2926 means
822 2882 862 2925 ‘to
877 2877 943 2933 take.
956 2893 984 2926 eo
999 2894 1026 2926 as
1042 2888 1066 2927 to

162 2949 200 3096 Ἐξ
210 2949 349 3042 ‘ellblblarid
359 2993 450 3051 there3’
468 2994 520 3042 that
536 2995 565 3051 is,
578 3004 601 3043 at
618 2995 732 3047 intervale
748 2995 904 3055 everywhere
920 2995 1065 3056 throughout

161 3061 167 3096 Ι
187 3061 325 3176 filliam,
337 3110 427 3167 before,
440 3111 503 3179 their
513 3111 583 3159 velue
594 3111 641 3160 had
652 3112 721 3160 mede
733 3113 861 3174 wortbyof
867 3114 935 3174 pity.’
965 3113 1066 3162 ‘Before

160 3167 220 3222 <that
240 3183 269 3223 rs,
284 3167 365 3216 before
383 3169 424 3218 the
441 3169 541 3217 soldrers
559 3172 659 3218 became
674 3172 802 3229 possessed
816 3172 845 3223 ol
856 3175 949 3230 articles
960 3172 988 3220 of
1000 3187 1066 3220 more

161 3225 248 3281 velue),
260 3239 317 3274 men
332 3226 379 3274 had
395 3229 458 3296 beeq
472 3227 612 3276 considered
623 3229 700 3277 worth
716 3231 862 3312 something,
875 3232 921 3280 and
932 3232 980 3282 this
995 3231 1066 3280 velue

161 3285 241 3391 haplpt
243 3285 308 3405 ἓξὲξ
309 3285 365 3392 librae1
375 3286 542 3392 linllliir'rdrl
543 3286 743 3415 cloioililuellhley
750 3290 856 3400 &biralli
867 3352 920 3406 ³7⁵,
932 3357 988 3398 note
998 3353 1020 3396 2.

189 3408 197 3432 ¹
211 3403 280 3452 ‘The
290 3402 574 3456 state-treasure‚‘whrch
584 3419 634 3452 was
646 3404 703 3464 kept
711 3421 735 3452 ru
744 3405 889 3467 Persepolis.
921 3408 983 3456 This
991 3406 1065 3470 signi·

160 3460 256 3512 fication
266 3461 294 3511 os
302 3479 364 3526 gesa
375 3475 412 3511 we
423 3461 484 3509 have
495 3461 593 3522 already
604 3477 670 3519 seen.
684 3463 715 3512 iii.
728 3467 764 3514 33.
