2264 3880
468 257 561 298 maan
580 259 622 298 ni.
930 243 996 302 Μ

12 383 13 404 ἐ
88 365 201 436 singulis
217 365 252 420 ad
270 381 345 434 spem
364 364 457 420 salutis
473 365 544 436 ipsos
561 367 687 436 pmficare
710 367 898 423 credentibus¹
914 356 996 438 quau·

12 469 13 476 1
87 444 150 492 tum
167 436 269 491 itineris
285 434 434 488 festinando
453 435 644 506 praeciperent.
680 438 760 505 Igitur
777 438 823 506 qui
840 409 996 492 deiecerant

11 515 14 548 2
87 506 337 575 notosignotosque
356 512 384 556 ut
403 503 580 558 allevarentur
599 505 722 559 orabant:
739 507 788 560 sed
807 523 858 560 nec
876 507 997 576 jumenta

88 583 174 655 erent,
192 574 289 653 quibus
312 573 400 643 excipi
423 581 535 644 possent,
556 582 583 626 et
605 575 686 628 milas
702 576 748 628 rin
770 591 845 628 arma
867 576 995 646 portabat,

11 655 14 690 t
87 646 307 712 imminentisque
325 651 352 695 et
370 643 434 712 ipsis
452 642 537 696 facies
554 643 618 696 mali
634 655 697 698 ante
709 644 799 698 oculos
816 646 892 698 erat.²
927 647 996 714 Ergo

88 713 199 782 saepius
210 712 331 791 revocati,
345 727 379 764 ne
391 713 521 780 respicere
533 711 643 782 quidem
655 730 717 766 suos
733 713 904 782 sustinebant,
917 715 996 768 mise·

88 781 202 835 ricordia
214 781 240 834 in
252 781 421 834 formidinem
433 797 519 834 veria.
555 781 585 834 lll
603 781 688 834 relicti
705 781 770 836 deos
781 791 869 852 testea,
884 791 911 835 et
922 799 996 836 sacra

88 851 250 919 communia,
264 851 385 918 regisque
404 850 578 919 implorabant
596 867 682 921 opem,
696 867 811 922 cumque
829 851 925 904 frustra
942 869 995 905 eur·

88 921 141 974 das
163 937 243 972 aures
265 919 412 987 fatigarent,
434 921 461 971 in
485 919 586 972 rabiem
611 921 795 990 desperatione
812 920 882 973 versi
905 937 996 989 parem

88 1005 139 1043 suo
152 989 261 1060 exitum,
274 989 429 1059 similesque
440 987 505 1058 ipsis
518 989 620 1042 amicos
639 998 667 1042 et
685 989 887 1044 contubemalee
906 1005 995 1059 preca-
1061 1048 1064 1056 ,

89 1059 192 1114 bantur.
215 1062 228 1072 ⁸

126 1133 168 1182 ii.
187 1127 251 1195 Rex,
264 1125 352 1178 dolore
364 1125 443 1180 simul
461 1142 495 1179 ac
511 1125 611 1195 pudore
623 1127 725 1198 anxius,
739 1129 802 1198 quia
813 1143 894 1181 causa
906 1134 995 1181 tantae

10 1219 12 1254 t
88 1197 177 1251 cladis
195 1197 250 1264 ipse
269 1204 347 1265 esset,
360 1195 394 1249 ad
414 1193 629 1264 Phrataphernen
648 1195 727 1253 Parth
746 1215 853 1251 aeorum
874 1209 995 1268 satrapen

91 1265 173 1334 misit,
185 1265 231 1335 qui
247 1265 353 1344 juberet
369 1261 480 1318 carnalis
496 1272 572 1317 cocta
589 1265 690 1319 cibaria
707 1215 816 1320 aliene:
835 1267 901 1320 elios
917 1267 994 1320 finiti·

10 1357 13 1394 ς
89 1352 195 1388 marum
213 1350 358 1402 regionum·
367 1333 515 1403 praefectos
531 1335 656 1388 certiores
667 1337 832 1390 necessitatis
844 1353 909 1389 suec
921 1337 993 1390 fecit.

11 1405 12 1408 ’
89 1405 151 1458 Nec
162 1412 295 1456 cessatum
308 1411 349 1454 est
361 1403 395 1455 ab
408 1403 457 1456 his.
492 1403 586 1472 ltaque
604 1404 677 1460 farne
688 1405 836 1459 diimtaxat¹
847 1406 995 1459 vindicatus

10 1483 11 1490 ’
89 1473 225 1527 exercitus
243 1471 352 1524 tandem
370 1472 395 1524 in
415 1472 556 1526 Cedrosiae
581 1473 649 1528 fines
673 1473 833 1545 perducitur.
869 1475 994 1528 Omnium

91 1559 179 1596 rerum
191 1541 247 1595 sola
259 1540 352 1594 fertilis
364 1542 434 1610 regio
447 1543 506 1609 est,⁴
518 1542 543 1595 in
556 1560 609 1612 qua
626 1545 721 1596 stativa
732 1543 832 1613 habuit,
845 1553 874 1596 ut
886 1552 996 1596 vexatos

10 1637 12 1646 0
90 1611 192 1666 milites
210 1612 300 1680 quiete
317 1611 441 1670 firmaret.
477 1611 527 1663 Hic
543 1611 670 1664 Leonnati
691 1611 790 1665 litteras
809 1613 921 1682 accepit,
935 1628 994 1664 con·

10 1709 12 1742 r
90 1682 192 1736 flirisse
205 1681 291 1750 ipsum
303 1697 365 1732 curn
378 1687 436 1732 octo
449 1679 557 1732 milibus
563 1681 683 1750 peditum
693 1688 720 1733 et
728 1681 855 1734 trecentis
863 1681 996 1750 equitibus

10 1779 12 1816 t
91 1751 241 1804 Horitarum
270 1764 392 1818 prospero
421 1757 527 1800 eventu.
573 1751 598 1801 A
621 1750 727 1802 Cratero
756 1765 860 1820 quoque
890 1750 997 1804 nuntius

10 1821 11 1830 ’
91 1820 172 1888 venit,
184 1818 284 1872 Ozinen
303 1825 330 1868 ct
349 1816 507 1886 Zariaspem,
521 1816 621 1870 nobiles
636 1818 737 1889 Persas,
750 1817 929 1872 defectionem
940 1819 995 1871 moss

92 1889 189 1942 lientes
211 1901 349 1954 oppressos
370 1902 387 1938 a
409 1902 447 1952 se,
466 1885 492 1936 in
511 1884 621 1939 vinculis
643 1903 712 1939 esse.
749 1888 901 1956 Praeposito
918 1887 995 1956 igitar

93 1957 191 2024 regioni
209 1955 322 2024 Sibyrtio
334 1955 461 2024 (namque
473 1954 572 2036 Menon
585 1954 733 2025 praelectus
751 1955 810 2026 ejus
828 1973 912 2026 nuper
930 1957 995 2010 inte·

9 2057 11 2094 t
93 2027 172 2078 rierat
190 2024 301 2092 morbo),
315 2024 341 2075 in
362 2022 529 2076 Carmaniam
549 2041 607 2094 ipse
624 2024 760 2093 processit.
795 2027 922 2094 Aspastes
940 2036 995 2080 erat

92 2103 212 2164 satrapas
228 2095 323 2162 gentis,
336 2103 477 2160 suspectus
488 2109 530 2144 res
547 2109 646 2146 novare
657 2091 779 2162 voluisse,
792 2094 858 2147 dum
876 2097 902 2146 in
921 2095 994 2148 lndia

9 2197 11 2234 Μ
93 2181 140 2216 ren
158 2165 219 2216 est.⁸
253 2162 340 2220 Quem
360 2170 549 2228 occurrentem,
568 2161 733 2215 dissimulata
751 2163 790 2215 ira
807 2163 917 2216 comiter
932 2164 995 2216 allo·

9 2241 10 2302 ,
92 2242 177 2300 cutus,
196 2231 260 2284 durn
278 2230 435 2301 exploraret·
447 2247 515 2300 quae
532 2230 621 2284 delata
637 2240 719 2302 erant,
738 2231 766 2286 in
784 2231 880 2285 eodem
897 2231 995 2287 honore

95 2301 256 2424 nappiibum
279 2369 341 2422 inde
364 2367 497 2438 praefecti,
516 2369 585 2422 sicut
602 2368 759 2441 imperatum
783 2381 848 2442 erat,
867 2387 995 2440 equorum

91 2441 323 2512 jumentorumque
339 2438 482 2519 jugalium⁷
499 2438 551 2491 rim
570 2439 703 2506 ingentem
722 2457 756 2494 eir
771 2444 850 2511 omni,
864 2457 932 2562 puae
944 2440 995 2495 sub

9 2509 10 2576 3
94 2511 203 2581 imperio
215 2519 277 2578 erat,
292 2525 396 2577 regione
409 2516 551 2575 misissent,
564 2508 660 2576 quibus
671 2509 778 2562 deerant
795 2511 867 2581 impe
887 2511 993 2580 intente,

94 2579 214 2635 restituit.
251 2581 332 2632 Arina
352 2587 456 2646 quoqne
474 2575 508 2628 ad
526 2575 664 2646 pristinum
682 2579 780 2630 resecta
799 2589 859 2632 sunt
876 2579 993 2632 cultum:

94 2650 191 2722 quippe
210 2647 278 2701 haud
292 2644 380 2716 procul
393 2663 408 2696 a
421 2644 528 2697 Perside
540 2644 656 2715 aberant,
668 2663 718 2699 non
737 2657 830 2716 pacata
848 2647 932 2714 modo,
947 2646 995 2700 sed

88 2721 174 2772 ‘etiam
198 2717 330 2786 opulenta.
374 2715 462 2781 lgitur,
488 2721 515 2766 ut
544 2729 623 2783 supra
650 2714 750 2768 dictum
773 2715 821 2785 est,
845 2715 995 2770 aemulatus

94 2787 177 2841 Patris
189 2786 276 2838 Liberi
293 2799 345 2840 non
361 2782 471 2852 gloriam
483 2781 576 2852 solum,
588 2799 670 2851 quam
688 2801 722 2838 ex
740 2783 791 2838 illis
808 2783 932 2853 gentibue
948 2785 994 2840 de·

123 2900 193 2948 “Ati
208 2910 289 2961 (every
304 2899 382 2960 single
397 2902 492 2958 person)
510 2895 631 2965 believing
646 2898 697 2946 that
714 2899 754 2948 the
771 2899 863 2949 further
878 2899 937 2961 they
952 2901 992 2951 ad·

95 2959 193 3014 caused,
206 2959 246 3007 the
258 2974 341 3007 nearer
351 2959 409 3018 they
420 2971 483 3005 were
494 2970 591 3018 coming
601 2967 626 3005 to
636 2973 683 3018 any
693 2958 754 3017 hope
765 2958 793 3006 os
803 2959 898 3019 aasety)

122 3017 207 3066 '‘And
219 3018 259 3065 the
270 3017 348 3078 image
365 3016 392 3064 os
404 3016 444 3063 tha
461 3015 583 3075 calamity,
596 3015 675 3064 which
690 3017 830 3068 threatened
844 3018 993 3068 themselves

95 3075 145 3164 aleo
155 3091 206 3124 was
212 3076 332 3144 ,horaring
342 3075 422 3124 before
434 3075 496 3122 their
506 3075 582 3134 eyes.’

97 3133 994 3264 ‚⁴irilerninirinnnm:irritarem

96 3267 116 3302 ts
125 3253 201 3302 fertile
213 3269 237 3301 in
248 3255 280 3302 all
290 3252 386 3312 things?

123 3314 176 3360 ‘As
186 3321 212 3360 to
221 3315 277 3360 dam
287 3311 346 3358 with
358 3310 398 3358 the
409 3319 505 3370 present
516 3318 594 3364 tense,
607 3324 648 3357 see
661 3309 740 3359 Grani.
752 3309 765 3361 i
776 3313 828 3368 332,
841 3321 905 3360 note.

121 3370 187 3420 'For
196 3375 251 3420 dum
262 3370 320 3418 with
332 3369 373 3417 tha
384 3369 545 3428 subjunctive,
558 3383 600 3416 see
613 3367 691 3416 cmm.
703 3367 717 3420 b
727 3369 780 3417 356.

122 3429 241 3478 '‘Beasts
251 3429 280 3477 of
291 3428 395 3478 burthen
411 3426 502 3475 trained
512 3427 556 3484 to,’
569 3442 597 3475 or
609 3427 676 3476 ‘able
686 3436 711 3475 to
721 3428 780 3477 bear
788 3427 830 3478 the
840 3428 923 3492 ycke,'
935 3444 994 3492 qaae

96 3490 254 3552 jagaarserre
260 3495 378 3552 poterant.
