2314 3886
148 187 222 242 2281
415 202 454 242 uu
478 199 584 244 ansuis
605 189 788 244 sutanum.

149 325 267 378 uxorem,
281 309 330 361 nisi
342 307 489 379 prohibitus
500 318 570 364 esset
582 309 692 364 fratrum
703 311 763 380 ejus
777 327 899 364 occursu.
938 312 1079 366 Cetemm

148 378 222 432 abire
234 389 376 446 conspectu
393 379 477 449 jubet,
490 379 578 432 addito
597 389 670 434 metu
689 383 787 452 mortis,
801 382 823 434 si
841 398 870 433 se
887 382 987 436 oculis
1006 383 1078 453 ejus¹

148 448 302 516 obtulisset,
326 456 353 500 et
375 449 409 502 ad
431 449 592 502 desiderium
616 450 758 504 levandum
782 459 873 504 noctes
890 469 985 520 agere
1008 454 1079 506 iuter
1121 467 1122 498 ῖ

148 516 259 586 pellices
274 519 369 588 coepit.
405 518 456 572 Sed
475 521 581 588 penitus
598 519 710 572 haerens
727 538 800 575 amor
812 521 921 574 fastidio
939 539 1077 590 praesen-

149 585 368 640 humamanam
380 597 429 641 est.
466 589 557 658 ltaque
576 605 664 641 rursus
681 589 727 642 uni
745 591 771 644 ei
788 591 904 660 deditus,
918 607 1007 645 orare
1025 609 1077 644 non

149 654 257 726 destitit,
271 665 300 708 ut
310 656 357 710 tali
369 658 477 712 consilio
488 658 640 726 abstineret,
653 667 837 729 patereturque
850 670 965 729 sortem,
976 677 1076 728 quam·

148 741 255 795 cunque
268 726 310 778 iis⁸
322 725 424 780 lortuna
435 727 557 780 lecisset:
571 727 622 780 sibi
635 737 745 782 mortem
759 729 893 782 deditione
907 747 977 782 esse
991 730 1075 782 levic-

149 811 215 848 rem.
252 799 287 850 At
310 796 356 850 illa
379 813 492 868 purgare
512 815 548 866 se,
589 796 640 850 nod
660 815 729 866 quae
749 798 824 852 utilia
844 815 905 852 esse
926 800 1075 852 censebat*

149 863 313 920 muliebriter
336 867 450 934 forsitan,
476 866 525 920 sed
547 867 565 920 fi
625 875 713 919 tamen
736 878 825 921 mente
849 869 1009 921 suasisset:
1041 869 1074 920 de

149 943 237 988 cetero
250 935 367 989 futuram
384 936 411 989 in
430 936 479 988 viri
498 945 635 1005 potestate.
672 937 844 1006 Spitamenes,
858 937 994 990 simulato
1013 955 1075 1007 cap

151 1015 193 1058 tus
212 1005 347 1076 obsequio,
366 1007 400 1058 de
419 1005 462 1058 die
480 1006 642 1059 convivium
656 1007 777 1075 apparari
793 1007 883 1077 jubet,
905 1007 1033 1076 vinoque
1048 1016 1074 1058 et

149 1090 166 1126 e
187 1074 238 1128 ulis
256 1076 353 1145 gravis,
373 1075 551 1128 semisomnus
574 1076 600 1128 in
623 1075 776 1130 cubiculum
799 1077 888 1129 lertur.
928 1076 1026 1135 Quem
1046 1086 1075 1128 ut

149 1091 203 1198 allo
215 1153 242 1197 et
253 1144 327 1212 gravi
340 1161 432 1198 somno
444 1145 559 1214 sopitum
576 1161 637 1197 esse
655 1146 736 1198 sensit
753 1163 825 1216 uxor,
837 1143 972 1214 gladium,
989 1163 1072 1216 quem

150 1223 226 1266 veste
244 1215 431 1282 occultaverat,
450 1215 562 1282 stringit,
579 1223 712 1284 caputque
730 1215 790 1284 ejus
806 1216 952 1284 abscisum,
976 1232 1073 1268 cruore

150 1299 278 1352 respersa,
292 1299 367 1336 servo
379 1299 426 1338 suo
438 1284 544 1336 conscio
556 1283 679 1337 facinoris
691 1285 776 1338 tradit.

188 1357 228 1404 12.
247 1351 349 1405 Eodem
367 1353 518 1419 comitante,
532 1353 610 1406 sicuti
628 1362 691 1423 erat,
704 1361 812 1407 cruenta
830 1362 913 1423 veste,
928 1354 955 1406 in
977 1355 1073 1407 Mace-

150 1419 251 1474 donum
274 1431 360 1476 castra
419 1423 510 1492 rreuit,
532 1423 697 1526 nuntiarique
721 1425 871 1476 Alexandro
885 1423 979 1494 jubet,
1003 1441 1073 1492 esse,

150 1506 220 1560 quae
240 1509 276 1544 ex
294 1491 351 1560 ipsa
390 1491 481 1546 eberat
500 1509 652 1560 agnoscere.
706 1493 754 1546 llle
778 1493 896 1564 protinus
920 1493 1073 1548 barbarum

149 1557 226 1632 jussit
243 1561 356 1616 admitti.
391 1562 479 1621 Quam
498 1571 527 1615 ut
548 1579 696 1632 respersam
714 1577 805 1615 cruore
825 1563 975 1634 conspexit,
1000 1573 1073 1616 ratus

148 1629 184 1684 ad
208 1631 398 1702 deplorandam
422 1631 612 1686 contumeliam
635 1632 746 1700 venisse,
771 1631 859 1684 dicere
883 1649 955 1710 quae
988 1634 1072 1686 vellet

148 1699 233 1770 jubet.
263 1705 299 1754 At
317 1701 364 1755 illa
382 1717 496 1767 servum,
509 1717 591 1769 quem
608 1701 636 1754 in
654 1701 784 1754 vestibulo
802 1711 871 1754 stare
889 1711 1020 1771 Jusserat,
1034 1704 1072 1756 in·

148 1766 252 1824 traduci
265 1771 434 1825 desideravit.
469 1771 521 1832 Qui
532 1769 594 1840 quia
605 1779 685 1840 caput
703 1770 862 1840 Spitamenis
874 1779 950 1823 veste
962 1781 1072 1825 tectum

149 1839 273 1910 habebat,
283 1850 422 1912 suspectus
433 1839 610 1894 scrutantibus
621 1840 683 1909 quid
693 1840 825 1893 occuleret
837 1839 962 1893 ostendit.
1006 1843 1072 1896 Con·

149 1909 254 1964 luderat
266 1911 318 1964 oris
330 1911 471 1979 exsanguis
482 1918 557 1962 notas
569 1909 659 1979 pallor,
673 1927 724 1962 nec
740 1911 800 1979 quis
817 1918 888 1964 esset
907 1911 985 1963 nosci
1006 1912 1072 1964 satis

149 1989 259 2050 poterat.
296 1981 366 2050 Ergo
389 1997 436 2034 rex
459 1979 554 2033 certior
576 1978 669 2048 lactus,
694 1979 840 2034 humanum
864 1989 946 2048 caput
967 1981 1071 2034 afferre

149 2065 222 2118 eum,
242 2049 412 2104 tabernaculo
435 2049 559 2118 excessit,
578 2057 801 2118 percontatusque
817 2049 880 2116 quid
899 2048 939 2102 rei
957 2051 1003 2119 sit,
1026 2051 1071 2104 illo

149 2119 288 2188 profitente
306 2119 448 2188 cognoscit.
492 2119 587 2172 Variae
605 2117 668 2172 hinc
684 2119 856 2187 cogitationes
873 2118 994 2172 invicem
1013 2121 1070 2173 ani·

149 2203 223 2240 mum
244 2187 349 2241 diversa
368 2188 514 2257 agitantem
533 2196 739 2242 commoverant.
775 2187 903 2240 Meritum
923 2188 1026 2256 ingens
1043 2190 1069 2242 in

149 2265 236 2312 samm
249 2273 308 2310 esse
321 2257 455 2327 credebat,
468 2257 538 2327 quod
556 2257 691 2326 transfuga
704 2265 730 2310 et
742 2257 863 2326 proditor,
877 2258 958 2310 tantis
977 2259 1068 2328 rebus,

148 2325 173 2380 si
185 2326 302 2394 vixisset,
315 2326 460 2396 injecturus
476 2329 597 2396 moram‚⁷
614 2328 768 2382 interiectus
785 2335 870 2380 esset:
890 2335 984 2380 contra
1003 2328 1067 2382 faci-

149 2413 200 2450 nus
215 2397 309 2466 ingens
326 2396 505 2466 aversabatur,
518 2414 581 2450 cum
599 2397 697 2468 optime
716 2397 841 2452 meritum
859 2395 893 2449 de
912 2397 980 2466 ipsa,
995 2415 1067 2452 com·

148 2467 274 2520 muniunt
291 2476 429 2538 parentem
447 2463 568 2537 liberum,
582 2485 629 2538 per
641 2467 750 2521 insidias
768 2466 955 2520 interemisset.
995 2467 1067 2521 Vicit

147 2681 209 2729 siut.
254 2683 292 2730 uis
304 2681 381 2743 might
392 2680 489 2729 referto
501 2679 542 2728 the
552 2679 607 2728 wife
616 2679 643 2727 ο1
651 2679 812 2738 Spitamenes,
823 2677 866 2726 she
874 2677 947 2738 being
956 2677 1020 2727 thes

146 2739 197 2798 jsct
208 2740 235 2787 ο1
243 2741 283 2788 the
294 2739 448 2790 subordinate
460 2741 550 2796 clause,
562 2741 622 2800 qus,
634 2749 732 2787 tcsome
741 2737 804 2786 third
813 2751 915 2796 perscn;
927 2737 972 2784 but
980 2737 1064 2786 where

147 2797 344 2907 gliroensssuqqtiqqq
360 2799 419 2908 eltqin
430 2813 457 2848 as
468 2800 486 2849 it
497 2799 518 2848 is
530 2799 595 2854 here,
607 2797 668 2847 such
679 2812 710 2846 an
720 2797 855 2858 ambiguity
865 2796 890 2843 in
903 2795 946 2842 the
961 2807 1061 2856 expres·

167 2933 187 2998 ᾖ
199 2928 254 2989 ‘By
265 2940 450 2991 contemptuose
467 2929 554 2980 dislilre
570 2939 596 2979 to
611 2931 681 2979 those
696 2930 753 2979 who
763 2943 828 2978 were
843 2937 899 2976 now
909 2927 948 2976 ltis
964 2941 1061 2992 compu-
1121 2985 1122 2996 2

148 2989 242 3046 nrons;'
255 2989 360 3050 namely,
373 2991 414 3038 the
423 2993 526 3052 pellicea

177 3051 261 3100 ’Here
273 3067 310 3100 we
322 3053 399 3114 might
410 3063 497 3114 expect
509 3055 575 3116 ipsis.

176 3121 186 3146 ⁴
196 3116 313 3178 Properly
323 3127 432 3176 senemr,
445 3118 571 3179 according
582 3127 607 3166 to
620 3117 701 3166 Grani.
713 3117 726 3171 b
737 3121 789 3168 361.

105 3189 117 3204 “
177 3187 261 3235 *Thu
273 3187 302 3244 is,
315 3190 501 3249 compassivum
509 3189 650 3244 conuiuium,
663 3203 690 3236 as
701 3187 726 3235 in
736 3186 785 3235 viii.
797 3189 819 3234 3.
998 3221 1000 3229 .

149 3319 155 3328 ¹
175 3264 185 3289 ⁸
198 3259 252 3328 ‘'l'o
263 3259 348 3316 learn,'
361 3259 480 3320 implyiug
490 3267 515 3308 to
525 3258 641 3308 convince
651 3258 722 3306 ons's
731 3257 782 3306 sels
793 3257 821 3306 ol
832 3273 847 3306 a
857 3256 926 3319 thing
936 3257 970 3317 by
980 3258 1058 3308 actual

148 3329 290 3377 inspection.

178 3390 187 3418 ⁷
196 3395 203 3416 ⁴
211 3390 286 3447 who,
296 3391 343 3440 had
349 3391 380 3439 he
387 3389 460 3446 lived,
470 3388 551 3437 would
557 3387 619 3437 have
626 3386 729 3449 deluyed
735 3388 796 3436 such
802 3396 869 3450 great
876 3388 1056 3454 undertakiugs'

149 3453 185 3502 (as
195 3446 236 3503 he,
248 3449 290 3497 the
301 3449 369 3510 king,
380 3447 429 3497 hed
439 3448 465 3496 iu
474 3447 555 3502 view).

177 2625 186 2650 ‘¹
197 2619 306 2728 Jqutng
314 2620 375 2670 lrorn
386 2620 427 2669 the
438 2622 507 2670 usual
518 2621 623 2680 practice
634 2619 662 2668 ο1
667 2619 776 2676 Curtius,
787 2633 824 2667 we
833 2617 920 2668 should
926 2621 1064 2727 expectuip-
