2314 3886
464 259 557 300 araas
578 259 641 300 rur.
949 239 1006 300 adl

94 369 167 424 XXX
189 369 302 423 delectis
325 367 497 439 praemiserat
520 385 574 436 rex,
596 377 623 421 et
645 367 701 440 jem
722 385 841 439 pugnare
863 369 1014 422 comminue

95 447 253 519 coeperant3
272 439 393 491 sedeam
414 455 526 508 superne
545 438 600 491 tela
616 437 717 492 barbari
735 438 891 507 ingererent,
906 439 1014 510 saepius
1051 442 1053 446 ’

94 509 145 578 ipsi
175 509 345 578 feriebantur,
371 525 452 577 quam
481 507 665 561 vulnerabant.
702 509 771 577 Ergo
800 508 960 577 Alexander,
986 517 1013 562 et

94 579 210 632 nominis
229 580 270 632 sui
291 587 318 632 et
337 577 458 646 promissi
481 594 592 646 memor,
614 577 679 630 dum
699 579 787 630 acrius
806 594 887 647 quam
908 579 1013 632 cautius

94 647 211 718 dimicat,
242 647 379 702 confossus
408 646 525 718 undique
554 647 691 700 obruitur.¹
737 647 825 708 Quem
853 656 883 700 ut
911 648 1013 702 etratus

93 717 229 788 jacentem
247 717 392 787 conspexit,
407 733 482 769 ruere
500 718 527 769 in
546 717 659 787 hostem,
672 717 793 770 omniurn
812 725 917 785 praeter
935 717 1011 770 ultio·

94 805 158 842 nem
186 788 335 853 immemor,
360 787 454 856 coepit,
479 787 629 855 multosque
657 786 742 855 hasta,
766 785 895 856 quosdam
922 786 1012 856 gladio

95 857 228 910 interemit
236 873 243 926 3
262 856 311 910 sed
323 873 385 910 curn
398 864 434 909 tot
447 873 529 910 unum
543 859 705 910 incesserent
722 872 826 926 manus,
840 873 919 926 super
930 857 1010 910 amici

94 942 190 998 corpus
214 927 352 996 procubuit
374 927 512 980 exanimis.
555 927 633 979 Haud
658 943 744 996 secus,
770 941 849 995 quarn
874 943 922 995 par
945 933 1009 998 erat,

94 996 351 1066 promptissimorum
377 995 505 1064 juvenum
532 1005 733 1065 ceterorumque
760 995 877 1049 militum
901 995 1010 1049 interitu

92 1076 244 1120 commotus
257 1083 303 1118 rex
315 1066 420 1133 signum
433 1065 551 1136 receptui
563 1065 646 1118 dedit.
665 1066 747 1118 Saluti
761 1065 900 1135 loit,quod
910 1065 1013 1118 sensim

94 1143 122 1188 et
134 1135 258 1204 intrepidi
271 1151 301 1188 se
313 1143 484 1205 receperunt,
504 1144 531 1188 et
543 1136 656 1206 barbari,
670 1135 775 1196 hostem
793 1135 930 1204 depulisse
948 1151 1009 1188 con·

93 1205 169 1274 tenti,
183 1221 234 1257 non
248 1203 366 1258 institere
379 1204 546 1258 cedentibus.
619 1233 622 1240 ·

128 1280 173 1328 41:
191 1275 316 1328 Ceterum
335 1275 487 1328 Alexander
504 1291 567 1328 cum
587 1275 723 1328 statuisset
744 1273 873 1328 desistere
893 1273 1008 1342 incepto,

93 1343 204 1414 (quippe
223 1344 295 1396 nulla
313 1361 375 1413 spes
392 1344 535 1467 potiundae
548 1353 639 1414 petrae
651 1343 832 1414 offerebatur),
846 1351 936 1396 tamen
950 1357 1008 1412 spe·

93 1414 165 1467 ciem
189 1413 303 1467 ostendit
327 1415 353 1466 in
377 1430 392 1466 o
413 1413 513 1467 sidione
537 1414 740 1485 perseverantis.
776 1415 847 1468 Nam
868 1423 895 1466 et
915 1414 1009 1466 itinera

92 1483 208 1538 obsideri
219 1483 303 1554 jussit,
316 1493 343 1537 et
357 1493 440 1537 turres
448 1484 594 1554 admoveri,
605 1493 632 1537 et
644 1483 761 1554 fatigatis
773 1485 840 1536 alios
851 1481 1008 1536 succ'edere.

92 1553 175 1624 Cujus
194 1554 338 1623 pertinacia
356 1554 467 1623 cognita,
488 1555 545 1608 lndi
565 1571 611 1622 per
629 1553 740 1606 biduum
760 1553 870 1622 quidem
890 1569 924 1604 ac
941 1551 1009 1604 duas

91 1633 192 1694 noctes,
205 1641 269 1676 curn
286 1625 462 1676 ostentatione
480 1640 532 1676 non
550 1622 664 1676 fiduciae
683 1623 770 1691 modo,
790 1621 838 1674 sed
857 1622 940 1674 etiarn
953 1622 1008 1673 vic·

91 1696 181 1763 toriae,
203 1693 305 1762 epulati
325 1702 394 1762 sunt,
416 1703 544 1762 tympana
568 1709 617 1746 suo
641 1707 713 1745 more
734 1691 879 1762 pulsantes.
915 1691 1007 1742 Tertia

91 1779 156 1816 uero
178 1774 257 1816 nocte
281 1772 467 1832 tympanorum
492 1763 601 1831 quidem
626 1762 752 1830 strepitus
771 1761 884 1813 desierat
905 1760 1007 1828 audiri,

90 1842 212 1886 ceterum
234 1849 267 1884 ex
288 1841 342 1884 tota
362 1841 438 1902 petra
456 1830 532 1884 facee
551 1831 725 1900 refulgebant,
745 1845 812 1900 quas
829 1829 1008 1882 accenderant

90 1901 204 1968 barbari,
225 1909 253 1953 ut
273 1901 353 1970 tutior
373 1909 442 1954 esset
464 1901 529 1970 ipsis
548 1901 619 1970 iuga,
640 1900 752 1953 obscura
770 1909 849 1951 nocte
869 1899 1008 1968 periuria

91 1987 156 2024 saxa
179 1969 302 2022 cursurie.
339 1970 403 2038 Rex,
428 1969 544 2039 Balacro,
570 1971 614 2038 qui
638 1969 827 2039 specularetur,
852 1969 1006 2038 praemisso,

90 2041 226 2108 cognoscit
246 2048 349 2108 petram
369 2039 433 2108 fuga
453 2039 578 2093 Indorum
598 2057 658 2092 esse
677 2039 821 2091 desertam.
857 2039 926 2090 Tum
945 2037 1008 2091 dato

91 2110 175 2177 signo,
204 2116 233 2161 ut
259 2109 376 2162 universi
406 2109 611 2177 conclamarent,
639 2110 726 2161 incom
763 2108 813 2160 site
842 2107 1008 2176 fngientibus

91 2189 195 2232 metum
224 2178 342 2230 incussit.
383 2177 526 2249 Multique,
552 2189 678 2248 tanquam
743 2186 814 2230 esset
844 2177 935 2246 hostie,
960 2193 1008 2248 per

91 2247 194 2301 lubrica
218 2264 289 2315 saxa,
314 2265 412 2318 perque
437 2250 523 2301 invias
546 2257 620 2301 cotes
645 2248 811 2370 praecipitati
835 2246 1006 2328 occiderunt}

90 2317 182 2387 plures
200 2317 289 2386 aliqua
307 2318 486 2372 membromm
504 2326 579 2388 parte
598 2335 643 2370 mu
655 2318 716 2387 cati,
729 2318 764 2370 ab
782 2317 890 2385 integris
907 2315 1006 2370 deserti

91 2397 159 2440 sunt.
196 2387 252 2440 Rex
271 2387 387 2441 locorum
405 2389 489 2457 magis
501 2405 583 2458 quam
596 2387 711 2441 hostium
725 2388 815 2456 victor,
828 2395 919 2439 tamen
932 2401 1006 2454 mag·

91 2473 154 2509 narn
166 2457 304 2510 victoriam
317 2457 455 2510 sacrificiis
467 2466 492 2510 et
506 2458 578 2510 cultu
591 2457 672 2510 deum
686 2456 772 2510 lecit.l
807 2460 876 2510 Arae
892 2456 918 2508 in
931 2463 1006 2526 petra

90 2526 193 2580 locatae
213 2536 273 2580 sunt
294 2527 434 2580 Minervae
453 2527 648 2597 victoriaeque.
684 2525 803 2580 Ducibus
822 2526 932 2594 itineris,
952 2541 1006 2594 quo

90 2596 179 2650 subire
197 2596 310 2666 jusserat
329 2597 425 2650 leviter
442 2597 576 2662 armatos,l
594 2596 643 2648 etsi
656 2596 792 2665 promissis
803 2595 905 2647 minora
917 2611 1006 2662 praee·

90 2665 204 2735 literant,
218 2667 334 2736 pretium
352 2683 414 2719 cum
433 2666 487 2718 fide
500 2665 632 2718 redditum
645 2673 694 2716 est.
731 2665 826 2717 Petrae
839 2663 1006 2732 regionisque

90 2734 115 2788 ei
129 2735 272 2806 adjunctae
286 2735 416 2789 Sisocosto
428 2735 512 2789 tutela
523 2735 662 2804 permissa.
699 2733 765 2788 lnde
777 2733 905 2803 prooessit
921 2733 1006 2786 Ecbo-

90 2803 170 2859 lima:
189 2815 216 2859 et
234 2823 297 2859 oum
315 2805 453 2874 angustias
471 2805 571 2858 itineris
583 2803 700 2857 obsideri
712 2803 760 2856 XX
772 2802 880 2855 milibus
892 2811 1005 2854 armato·

91 2889 147 2926 rum
166 2875 201 2928 ab
220 2876 297 2929 Erice
316 2875 431 2945 quodam
447 2874 627 2944 comperisset,
641 2873 750 2942 gravius
761 2888 858 2940 agmen
872 2872 1006 2926 exercitus

89 2977 194 3084 stoffle,
204 2979 329 3086 islrlstsrlck’
340 2981 386 3029 and
395 2979 479 3029 buried
487 2979 563 3028 under
572 2995 586 3027 a
594 2993 659 3027 mass
669 2977 697 3026 os
703 2975 808 3026 missiles
817 2977 913 3025 thrown
921 2987 945 3026 et
954 2977 1005 3026 him

118 3099 128 3124 ¹
140 3093 193 3154 ‘By
204 3095 305 3176 offering
315 3097 436 3148 sacrifices
446 3097 477 3146 he
488 3113 549 3160 gare
561 3096 603 3145 the
614 3098 708 3158 victory
718 3111 749 3145 an
760 3111 907 3158 appearance
918 3095 947 3144 oi
958 3095 1003 3146 im·

90 3165 245 3262 po'rla'llbelhe
291 3213 342 3263 ides
353 3215 381 3264 of
387 3218 429 3264 the
440 3216 506 3286 road,
518 3227 544 3265 to
553 3215 633 3285 which
646 3205 708 3274 (that'
718 3215 747 3272 ie,
761 3226 786 3263 to
797 3215 838 3263 the
884 3211 1004 3283 ideswho

89 3273 137 3322 had
147 3229 290 3342 showntlb¹
296 3289 350 3334 way
358 3285 383 3322 to
395 3275 436 3324 tlre
445 3287 520 3383 point,
532 3286 557 3324 to
566 3276 655 3329 which)
666 3275 696 3324 he
708 3275 755 3324 hed
766 3231 918 3344 orderelurhe
930 3271 1002 3334 light·

89 3331 285 3401 armedsoldrers
297 3334 382 3402 (under
392 3333 446 3403 Mul
457 3342 520 3390 inus)
532 3347 557 3383 to
568 3335 674 3384 ascend!
701 3333 784 3403 These
795 3333 881 3395 gurlies
892 3331 938 3380 had
951 3341 1002 3389 not,

89 3392 200 3462 accordrn
230 3401 254 3440 to
266 3393 328 3441 therr
339 3408 452 3462 promrse,
466 3393 505 3443 led
521 3395 562 3443 the
580 3393 754 3443 Macedoniam
767 3403 793 3440 to
803 3394 845 3440 the
856 3391 920 3451 peak
930 3405 1002 3439 ocou·

89 3450 144 3513 pred
155 3453 189 3512 by
200 3462 209 3498 t
228 3465 241 3499 e
253 3453 408 3512 barbariane;
419 3454 463 3502 but
473 3453 532 3516 they
540 3454 588 3504 had
599 3453 703 3516 brought
714 3452 782 3502 them
793 3467 821 3500 so
832 3465 898 3508 near,
909 3450 961 3499 that
973 3465 1004 3499 an

89 3511 172 3562 attach
183 3525 235 3560 was
245 3511 398 3572 practicable.
