2410 3890
138 225 177 280 at
405 240 445 280 nn
468 239 575 280 uraris
597 239 780 281 ominum.

139 365 216 403 curru
229 349 317 418 vehor,
330 365 381 402 nec
401 363 501 414 recuso,
514 363 567 416 quo
588 347 677 400 minus
695 347 837 402 imitemini
848 363 909 416 me,
922 347 978 400 sive
997 345 1047 398 for-

140 417 261 472 titudinis
272 418 433 487 exemplum,
447 417 503 470 sive
515 418 635 485 ignaviae
649 417 731 476 luero.

175 492 216 540 56.
236 487 344 541 Interim
363 487 522 556 Alexander,
542 495 570 539 ut
593 496 620 539 et
639 487 850 540 demonstratum
874 503 890 536 a
913 481 1048 550 transfuga

140 556 294 611 insidiarum
315 557 404 612 locum
424 556 587 625 circumiret,
599 567 625 608 et
646 557 738 625 Dareo,
752 555 796 624 qui
815 571 896 608 cornu
916 552 1046 620 tuebatur,

140 637 295 696 occurreret,
308 643 406 694 agmen
417 625 555 694 obliquum
569 625 691 677 incedere
709 623 794 695 jubet.
830 625 933 677 Dareus
944 638 1047 692 quoque

140 693 236 747 eodem
247 713 325 748 suum
337 695 457 764 obvertit,
471 695 553 748 Besso
564 694 706 763 admonito,
721 702 749 746 ut
764 694 933 760 Massagetas
944 692 1048 761 equites

140 763 167 814 in
190 763 306 818 laevum¹
326 765 471 818 Alexandri
488 780 569 816 cornu
587 779 603 814 a
621 763 703 817 latere
727 762 817 815 invehi
839 761 952 833 juberet.
987 761 1047 830 lpse

140 841 202 886 ante
221 851 250 886 se
268 834 379 886 falcatos
402 849 495 886 currus
517 831 641 901 habebat,
660 848 725 900 quos
743 833 820 900 signo¹
834 834 895 887 dato
913 831 1049 884 universos

141 901 168 955 in
191 903 295 957 hostem
319 902 421 956 effudit.
458 901 580 954 Ruebant
606 901 700 954 laxatis
724 900 835 954 habenis
860 901 976 970 aurigae,
995 915 1048 968 quo

159 971 229 1025 lures
246 973 362 1026 noudum
376 971 440 1024 satis
452 970 555 1040 proviso
575 970 678 1038 impetu
699 971 855 1023 obtererent.
892 969 966 1024 Alios
986 984 1048 1038 ergo

177 1051 234 1094 stae
254 1042 368 1095 multum
388 1040 456 1092 ultra
475 1048 609 1092 temonem
630 1041 786 1108 eminentes,
799 1039 865 1092 alios
884 1038 919 1091 ab
938 1048 1060 1106 utroque¹

141 1109 222 1162 latere
235 1110 360 1164 dimissae
378 1108 461 1161 falces
479 1109 639 1162 laceravere.
674 1109 733 1161 Nec
753 1109 854 1161 sensim
874 1107 1050 1162 Macedones²

141 1179 272 1232 cedebant
280 1197 288 1249 3
313 1179 360 1232 sed
380 1177 467 1232 effusa
490 1177 553 1246 fuga
576 1178 744 1230 turbaverant
767 1177 881 1230 ordines.
918 1177 1049 1230 Mazaeus

141 1263 246 1316 quoque
302 1249 393 1302 rculsis
413 1255 516 1300 metum
536 1247 654 1316 incussit,
677 1247 750 1300 mille
774 1247 906 1316 equitibus
929 1243 1048 1300 ad'diri-

142 1317 258 1385 pianda,
281 1318 344 1370 ostis
367 1317 558 1386 impedimenta
580 1316 744 1369 circumvehi
771 1315 859 1385 jussis,
884 1325 963 1384 ratus,
988 1332 1048 1384 cap·

141 1386 208 1438 tivcs
236 1403 349 1455 quoque,
374 1387 421 1456 qui
448 1385 528 1440 simul
555 1386 766 1454 asservabantur,
790 1395 911 1454 rupturos
935 1385 1047 1452 vincula,

142 1469 202 1506 curri
228 1471 290 1508 suos
312 1455 561 1576 appropinipuantes³
578 1454 717 1508 vidissent.
752 1456 812 1508 Non
836 1453 968 1508 fefellerat
988 1455 1049 1508 Pai-

143 1525 314 1593 rnirrricnem,⁴
333 1526 379 1594 qui
398 1525 425 1576 in
453 1541 520 1577 aevo
539 1532 609 1576 erat:
629 1541 737 1593 propere
758 1524 838 1593 igitur
857 1523 1049 1594 Polydamanta

142 1593 222 1645 mittit
236 1593 280 1665 [ad
293 1594 402 1666 regeml,
416 1594 461 1664 qui
481 1603 508 1646 et
526 1592 672 1663 periculum
693 1593 851 1662 ostenderet,
864 1603 892 1645 et
910 1593 973 1662 qnid
993 1593 1049 1647 fieri

141 1662 244 1731 juberet
264 1664 420 1716 consuleret.
457 1663 512 1730 Ille,
532 1662 622 1716 audito
647 1662 846 1731 Polydamante,
866 1661 928 1732 Abi,
950 1663 1048 1728 nuntia,

143 1733 233 1800 inquit,
253 1732 430 1800 Parmenioni,
443 1733 464 1784 si
482 1733 547 1784 acie
558 1731 707 1800 vicerimus,
725 1749 775 1784 nou
793 1743 881 1784 nostra
899 1731 983 1784 solum
1003 1747 1050 1784 nos

144 1809 349 1871 recuperaturos,
375 1801 422 1872 sed
446 1801 620 1880 etiamuquae
645 1799 759 1854 hostium
783 1809 843 1854 sunt
867 1810 1050 1870 occupaturos.

146 1870 255 1924 Proinde
272 1888 324 1924 non
348 1879 388 1925 est
405 1871 476 1940 quod
493 1871 589 1923 virium
613 1871 767 1939 quicquam
780 1869 910 1922 subducat
929 1888 963 1924 ex
981 1871 1048 1939 acie,

143 1939 198 2006 sed,
213 1951 240 1992 nt
252 1959 304 2010 me,
320 1950 347 1994 ut
366 1941 486 2010 Philippo
498 1949 572 2009 patre
584 1939 692 2008 dignum
713 1948 761 2008 est,
774 1948 926 2008 contempto
939 1940 1050 1992 sarcina·
1087 1982 1093 1993 .

144 2024 200 2060 ram
220 2012 317 2063 damno
334 2010 434 2064 fortiter
449 2010 567 2062 dimicet.
603 2008 712 2062 Interim
733 2009 836 2062 barbari
860 2009 1050 2077 impedimenta

143 2079 319 2148 turbaverant,
338 2081 476 2147 caesisque
495 2078 628 2148 plerisque
646 2079 794 2147 custodum,
814 2078 926 2146 captivi,
938 2077 1050 2130 vinculis

144 2149 232 2214 ruptis,
254 2148 380 2216 quicquid
398 2151 488 2200 ovium
513 2161 576 2212 erat,
597 2163 649 2214 quo
672 2147 767 2198 armari
788 2157 902 2216 possent,
923 2147 1050 2216 arripiunt

143 2223 170 2266 et
187 2217 323 2284 aggregati
341 2221 449 2268 suorum
467 2215 603 2284 equitibus
620 2216 791 2282 Macedonas,
811 2217 920 2286 ancipiti
938 2217 1049 2269 circum·

143 2293 236 2336 ventos
248 2285 325 2352 malo,
339 2285 482 2338 invadunt:
501 2285 617 2352 laetique
635 2285 681 2353 qui
693 2285 764 2337 circa
776 2285 954 2354 Sisygambim
966 2285 1048 2354 erant,

144 2353 239 2404 vicisse
252 2353 377 2423 Dareum,
390 2354 490 2422 ingenti
502 2354 585 2406 caede
604 2363 744 2422 prostratos
762 2353 860 2424 hostes,
873 2355 908 2408 ad
926 2355 1049 2408 ultimum

143 2422 222 2474 etiam
244 2423 444 2493 impedimentis
464 2433 558 2476 exutos
577 2439 645 2493 esse,
666 2426 796 2493 nuntiant,
815 2425 915 2494 quippe
936 2425 1048 2477 eandem

142 2491 272 2546 fortunam
285 2493 384 2562 ubique
401 2511 460 2547 esse
473 2493 624 2560 credebant,
634 2501 665 2546 et
678 2495 789 2557 victores
809 2493 904 2546 Persas
921 2494 955 2545 ad
975 2511 1049 2564 prae·

141 2559 203 2616 dam
225 2563 386 2616 discurrisse.
423 2561 594 2632 Sisygambis,
615 2562 780 2616 hortantibus
802 2564 922 2632 captivis,
942 2573 970 2615 ut
993 2563 1048 2614 arii·

141 2651 215 2687 mum
235 2649 382 2688 amaerore
401 2633 536 2702 allevaret,
550 2633 576 2684 in
596 2631 699 2699 eodem,
713 2635 775 2700 qu0⁶
786 2642 865 2684 antea
883 2632 941 2701 fuit,
962 2648 1048 2754 perse·

144 2705 253 2755 voravit.
289 2705 349 2757 Non
369 2720 420 2757 vox
443 2702 498 2756 ulla
521 2701 619 2754 excidit
639 2701 673 2770 ei,
694 2719 746 2753 non
764 2701 818 2754 oris
836 2701 907 2754 color
926 2719 959 2754 vu
973 2711 1048 2754 tusve

169 2859 175 2881 ¹
185 2853 313 2902 incorrect.
345 2853 368 2901 It
379 2862 444 2901 must
455 2854 486 2900 bs
497 2853 524 2898 iri
533 2853 649 2902 dostram.
663 2849 698 2896 for
707 2849 784 2908 (chap.
795 2852 834 2903 45)
846 2848 938 2898 Bessus
950 2848 994 2896 and
1007 2848 1047 2896 the
1102 2906 1104 2915 Ι

140 2909 294 2972 Massagetas
302 2927 366 2960 ware
377 2928 409 2960 on
419 2912 460 2991 the
473 2909 522 3016 lefp1
523 2909 589 3015 ping
597 2908 625 2955 of
632 2908 672 2955 the
686 2907 808 2963 Persicus,
820 2909 866 2956 and
874 2907 1049 3002 wnseuuently

139 2971 282 3084 op'p'olslfiitii
293 2971 505 3103 titleebfrilfsiiiiarrii
516 3004 546 3102 of'
556 3031 597 3080 the
614 3031 797 3100 Macedoniam,
810 3031 847 3080 fcr
862 3033 903 3080 the
914 3031 1049 3088 successful

140 3097 271 3146 resistanos
282 3095 310 3143 of
317 3095 358 3142 tbe
370 3095 521 3154 phalangitas
533 3107 553 3139 rs
565 3091 705 3138 mentioned
715 3107 729 3138 a
741 3090 802 3138 little
814 3091 881 3140 after.

169 3169 236 3218 “For
246 3167 287 3215 the
299 3165 428 3215 difference
439 3167 552 3214 between
561 3165 626 3210 video
633 3172 655 3212 te
664 3165 889 3224 appropinquantem
899 3163 945 3212 and
952 3165 1017 3212 uideo
1027 3171 1051 3211 te

140 3229 333 3290 appropinquare,
346 3241 387 3274 see
400 3226 499 3283 Zumpt,
512 3223 526 3275 i
537 3225 587 3270 636.

169 3299 178 3322 ⁴
191 3300 196 3320 ¹
208 3294 230 3340 It
241 3291 289 3341 had
299 3299 341 3339 not
349 3289 456 3348 escaped
467 3289 509 3336 the
525 3289 604 3352 notice
621 3287 649 3348 of
662 3287 808 3337 Parmenio!
840 3287 934 3338 Fallere
944 3290 988 3338 has
999 3296 1049 3337 tvvo

141 3351 323 3412 significationi,
339 3354 378 3396 ‘to
388 3348 507 3416 deceive,’
520 3347 567 3396 and
579 3353 585 3372 ⁸
595 3357 619 3396 tc
635 3362 721 3407 escape
738 3349 842 3406 notics3'
853 3348 901 3396 and
916 3349 941 3396 in
955 3347 1015 3397 both
1029 3347 1050 3401 it

141 3425 243 3470 uorem·
253 3410 296 3458 the
305 3417 450 3458 accusative.

172 3475 326 3537 'Ortoque
357 3469 603 3531 &saumatam
641 3495 643 3500 ·
