2264 3880
456 270 549 310 araas
568 271 599 312 1.
927 255 985 310 309

73 383 186 449 quotiens
196 381 248 432 ludi
260 389 331 446 atque
344 381 480 430 certamina
491 383 627 440 ederentur,
640 379 763 443 inprimis
780 384 904 432 ordinibus
922 401 985 432 coro

74 449 127 499 nati
138 456 290 512 spectarent;
308 453 379 510 utque
397 447 446 494 fato
464 448 601 496 iunctorum
613 449 684 496 liberi
697 447 834 509 impuberes
846 449 872 496 in
884 457 985 511 paterna

73 515 197 578 stipendia
208 516 372 563 succederent
405 513 532 562 Craterum
541 513 703 562 Macedoniae
713 515 940 577 continentibusque
950 532 986 563 re-

74 581 189 646 gionibus
196 596 252 628 cum
261 580 362 641 imperio
368 595 480 641 praeesse
487 580 586 640 placuit,
593 579 747 641 Antipatrum
757 596 812 626 cnm
820 581 987 641 supplemento

70 646 195 712 juniorum
209 645 373 694 Macedonum
384 645 416 692 ad
428 661 512 708 regem
525 661 635 709 pergere.
669 645 807 693 Verebatur
816 645 891 704 enim,
902 663 933 694 ne
946 659 991 708 per

74 711 222 759 discordiam
235 711 350 772 praefecti
359 726 416 758 curn
428 709 573 772 Olympiade
586 710 666 775 gravis
679 711 759 773 eliqua
772 711 854 758 clades
867 712 987 772 accipere.

75 783 123 825 tur.
148 776 213 824 Nam
226 777 315 824 multas
328 777 357 824 ad
367 775 532 824 Alexandrum
543 775 657 838 epistolar
666 783 751 834 mater,
760 777 849 824 multas
858 776 987 838 Antipater

77 843 185 900 miserat,
197 842 350 903 vicissimque
369 841 430 888 alter
447 841 550 888 alterum
568 847 709 905 arroganter
727 848 752 890 et
769 843 856 889 acerbe
874 841 986 902 pleraque

77 908 156 955 faeere
175 905 377 964 criminabantur,
394 921 456 968 quac
475 907 506 952 ad
525 908 629 954 dedecus
649 913 692 954 aut
710 908 883 955 detrimentum
904 908 988 970 regiae

77 973 213 1038 majestatis
225 972 378 1034 pertinerent
412 971 543 1032 Postquam
557 972 623 1018 enim
635 989 718 1020 rumor
730 972 805 1020 occisi
817 972 883 1035 regis
896 979 985 1019 temere

77 1039 190 1102 vulgatus
202 1039 227 1085 in
240 1037 411 1084 Macedoniam
431 1037 611 1097 penetravisset,
623 1044 701 1084 mater
722 1041 782 1106 ejus,
792 1053 904 1100 sororque
921 1038 989 1084 (loe

77 1111 148 1166 patra
168 1103 331 1151 tumultuatae
354 1103 458 1158 fuerant,
475 1108 500 1148 et
523 1101 584 1148 haec
606 1102 703 1164 quidem
724 1110 854 1166 paternum
877 1119 988 1166 regnum,

77 1169 205 1232 Olympias
218 1168 320 1230 Epirum
333 1167 462 1215 invaserat.
497 1166 568 1214 Forte
577 1169 634 1215 dum
646 1169 766 1232 ejusmodi
778 1169 873 1217 litterae
886 1169 989 1215 reddun-

77 1237 124 1292 lur,
132 1235 305 1297 Hephaestion,
314 1239 424 1280 assuetus
433 1233 542 1280 omnium
554 1249 698 1280 arcanorum
707 1251 732 1282 se
742 1235 886 1296 participem
897 1233 988 1290 haberi,

77 1300 215 1363 resignatas
228 1301 259 1346 ab
270 1298 410 1346 Alexandro
422 1298 495 1346 simul
508 1299 658 1358 inspiciebat.
692 1299 776 1362 Neque
786 1299 861 1347 vetuit
870 1315 926 1347 eum
939 1315 988 1356 ren,

77 1367 120 1412 sed
139 1365 276 1412 detractum
294 1363 371 1428 digito
388 1364 488 1410 anulum
506 1363 542 1410 ori
560 1363 663 1426 legentis
684 1367 798 1424 admovit,
816 1363 878 1413 nihil
897 1381 988 1422 eorum,

75 1447 138 1491 spirae
150 1429 285 1492 perscripta
297 1435 383 1486 essent,
395 1429 420 1476 in
433 1429 493 1476 alios
505 1428 655 1476 efferendum
673 1429 824 1493 significans.
859 1431 988 1478 Incusasse

77 1502 159 1556 rentem
169 1497 252 1542 ambos
260 1495 341 1552 fertur,
351 1501 376 1542 ct
386 1495 472 1542 matris
482 1493 612 1541 insolentia
621 1503 755 1554 permotum
764 1496 924 1552 exclamasse,
933 1509 988 1541 eam

78 1577 121 1620 pro
139 1561 289 1610 habitatione
309 1562 393 1607 docem
413 1559 544 1615 mensium,
555 1575 628 1620 quarn
647 1575 674 1606 m
692 1565 758 1607 utere
771 1561 817 1611 sibi
830 1561 988 1622 praebuisset,

77 1641 176 1690 gravem
189 1627 324 1674 mercedem
338 1625 451 1689 exigere:
470 1623 627 1684 Antipatrum
640 1639 697 1671 vero
714 1631 854 1686 'suspectum
866 1625 989 1678 habuisse,

75 1691 146 1754 ‹puasi
160 1697 228 1752 parta
240 1708 270 1738 ex
281 1691 409 1752 Spartanis
420 1689 520 1736 victoria
537 1687 661 1734 tollentem
679 1689 783 1748 animos,
795 1695 819 1736 et
835 1689 937 1750 irnperio
954 1695 990 1736 tot

77 1757 130 1821 jam
150 1757 174 1803 in
193 1772 269 1805 aranos
287 1761 414 1818 prorogato
432 1769 505 1814 supra
522 1752 636 1814 praefecti
655 1755 753 1801 modum
771 1755 870 1805 elatum.
904 1754 989 1814 Itaque

76 1839 133 1870 cum
153 1824 205 1885 ejus
225 1821 331 1884 gravitas
355 1825 425 1880 atquc
446 1819 611 1881 integritare
631 1819 777 1879 quibusdam
801 1819 989 1880 praedicaretur,

75 1888 187 1950 subjecit,
199 1885 304 1934 exterius
316 1885 412 1948 quidem
425 1885 507 1931 album
517 1883 600 1941 videri,
610 1885 652 1930 sed
664 1883 685 1930 si
695 1884 790 1945 penitus
801 1884 989 1946 introspiciatur,

75 1957 154 1998 totum
172 1968 224 1998 esse
244 1965 397 2011 purpureum.
431 1949 523 1998 Pressit
540 1955 623 1996 tamen
640 1949 802 2010 suspicionem
822 1965 900 2007 suam,
911 1962 989 2010 neque

78 2017 154 2062 ullum
168 2015 319 2064 manifestius
331 2014 463 2064 abalienati
475 2014 551 2062 animi
569 2013 688 2061 indicium
706 2015 827 2076 praetulit.
860 2015 989 2062 Credidere

78 2087 161 2128 tamen
174 2081 287 2142 plerique,
300 2081 465 2139 Antipatrum,
476 2079 571 2126 evocari
584 2095 609 2126 se
621 2079 733 2140 supplicii
752 2096 827 2128 causa
843 2087 932 2137 ratum,
944 2080 989 2126 im·

78 2146 125 2206 piis
143 2145 364 2199 machinationibus
383 2144 467 2208 regiae
488 2144 580 2201 mortis,
600 2160 662 2205 quae
681 2146 752 2207 paulo
773 2153 826 2207 pest
841 2153 925 2193 secuta
945 2151 990 2203 est,

78 2217 200 2258 auctorem
213 2211 330 2258 extitisse.

112 2275 208 2323 interea
220 2292 268 2334 rex,
280 2283 307 2324 ut
319 2275 442 2323 imminuti
460 2275 578 2322 exercitus
590 2275 737 2324 detrimenta
748 2277 858 2335 sarciret,
870 2277 989 2338 optimum

77 2357 196 2403 quemque
214 2341 344 2388 Persarum
363 2341 389 2388 in
407 2339 579 2388 Macedonicos
597 2340 694 2388 ordines
713 2342 812 2406 allegit:
830 2343 897 2390 mille
915 2341 990 2389 etiam

78 2405 299 2468 praestantissimos
311 2406 450 2470 segregavit
461 2407 492 2454 ad
505 2405 640 2467 propiorem
657 2406 696 2454 sui
715 2409 822 2469 corporis
840 2407 989 2455 custodium:

78 2471 154 2518 aliam
173 2471 326 2519 hastatorum
344 2487 453 2530 manum,
464 2471 530 2519 haud
551 2470 678 2532 pauciores
699 2473 784 2520 decem
804 2472 911 2530 milibus,
924 2473 990 2519 cirea

78 2536 175 2600 regium
186 2537 370 2584 tabernaculum
383 2537 497 2584 excubias
509 2552 583 2599 agere
591 2536 671 2600 jussit.
704 2537 775 2586 Haec
792 2555 804 2584 a
808 2537 877 2601 genti
888 2537 991 2584 Peuces-

78 2607 115 2650 tes
127 2601 265 2666 supervenit
277 2617 333 2648 curn
345 2601 432 2666 ,viginti
446 2603 592 2664 sagittarum
604 2601 801 2664 funditorumque
814 2603 920 2660 milibus,
931 2618 991 2664 quoa

78 2683 109 2714 ex
120 2683 165 2714 sua
176 2665 302 2729 provincia
313 2669 435 2730 coegerat.
467 2667 514 2716 His
526 2681 569 2728 per
578 2665 713 2714 exercitum
722 2667 860 2716 distributis
869 2668 990 2730 profectus

79 2737 118 2778 est
127 2731 204 2790 Susis,
213 2737 238 2784 et
249 2731 365 2796 Pasitigri
377 2748 448 2779 amne
461 2731 612 2788 transmisso,
623 2732 687 2793 apud
699 2733 778 2780 Caras
791 2740 874 2781 eastra
885 2739 991 2780 metatus

78 2802 131 2845 est:
143 2795 199 2846 inde
209 2796 339 2859 quatriduo
348 2813 390 2859 per
399 2797 540 2844 Sittacenen
553 2796 633 2844 ductis
643 2797 720 2859 copiis
729 2797 855 2846 Sambana
865 2799 991 2860 processit,

79 2861 121 2909 ubi
133 2877 176 2924 per
188 2869 280 2924 septem
294 2863 346 2910 dies
358 2863 467 2924 quietum
479 2878 569 2925 agmen
581 2861 666 2910 tenuit
700 2863 789 2911 Tridui
807 2864 895 2912 deinde
905 2863 991 2910 itinere

79 2942 180 2976 emenso
190 2927 292 2976 Celonas
305 2933 446 2990 perventum
458 2933 502 2975 ert.
536 2927 659 2988 Oppidum
671 2928 717 2976 hoe
731 2934 817 2978 tenent
828 2929 928 2977 Boeotia
940 2943 991 2990 pro

80 2991 145 3050 fecti,
165 3008 224 3054 quos
246 2993 336 3045 Xerxes
360 2993 458 3042 sedibus
478 2992 528 3040 suis
547 2992 639 3040 excites
660 2993 686 3041 in
706 2993 831 3042 Orientem
852 2994 991 3042 hanstrdit:

80 3058 256 3120 servabantque
271 3065 443 3122 argumentum
462 3058 565 3122 originis
582 3057 697 3118 peculiari
715 3075 833 3118 sermone,
845 3075 876 3108 ex
891 3059 992 3106 Graecis

80 3121 219 3185 plerumque
230 3123 329 3172 vocibus
341 3130 481 3172 constante:
500 3131 608 3172 ceterum
626 3126 656 3171 ob
672 3125 875 3173 commerciorum
887 3124 992 3171 necessi-

80 3191 156 3235 tatem
169 3187 327 3236 finitimorum
338 3191 492 3238 barbarorum
505 3189 591 3252 lingua
603 3191 740 3238 utebantur.
769 3189 829 3238 Inde
842 3189 992 3252 Bagistanen

80 3253 205 3316 ingressus
216 3259 260 3311 est,
271 3254 396 3317 regionem
408 3255 546 3316 opulentam
556 3261 580 3311 et
589 3255 755 3304 abundantem
765 3257 878 3304 arborum
891 3269 994 3301 amoeno

80 3323 106 3365 et
116 3317 220 3366 fecundo
231 3319 303 3376 foetu,
315 3321 448 3382 ceterisque
466 3319 570 3368 advitae
586 3334 635 3366 non
648 3336 719 3369 usum
731 3321 810 3379 modo,
822 3333 905 3368 verum
917 3319 992 3366 etiam

80 3383 266 3432 delectationem
279 3384 463 3445 pertinentibus.
496 3385 584 3433 Gravis
594 3383 659 3433 inter
670 3385 732 3434 haec
750 3384 856 3433 Eumeni
874 3399 930 3432 cum
943 3384 992 3433 He-

80 3448 222 3512 phaestione
240 3449 352 3496 simultas
372 3449 497 3497 inciderat
530 3449 595 3498 Nam
615 3465 696 3500 servos
715 3451 835 3500 Earmenis
854 3448 993 3508 diversorio,
