2264 3880
457 231 549 288 ursus
569 249 611 288 rx.
637 241 639 246 ’
931 229 990 285 289

78 350 223 406 deditionis
234 352 305 405 misit
324 353 358 406 ad
378 372 483 424 regem:
503 357 550 408 sed
563 366 707 425 antequam
720 355 821 408 adirent
834 371 905 424 eum,
920 355 989 407 duae

79 429 164 474 turres
183 437 245 474 eum
266 423 366 490 ingenti
388 425 490 494 fragore
510 427 683 494 prociderant,
703 437 749 494 per
769 441 880 493 quarum
902 424 990 477 ruinas

78 491 244 544 Macedones
267 509 377 545 evasere
402 495 429 547 in
452 511 550 564 arcem,
575 511 628 564 qua
651 503 729 564 capta
752 494 904 547 Porticanus
927 510 989 548 cum

77 561 171 629 paucis
183 577 333 629 repugnans
345 564 482 616 occiditur.

114 633 156 681 32.
178 631 269 683 Diruta
293 631 371 700 igitur
393 650 463 700 arce,
490 641 516 684 et
539 632 663 684 omnibus
686 632 800 701 captivis
823 633 989 703 venundatis,

78 697 170 752 sembi
189 701 258 767 regis
276 701 343 754 lines
361 701 495 770 ingressus
507 711 562 754 est:
583 701 726 770 multisque
742 700 847 774 oppidis
864 702 891 754 in
909 703 990 756 iidem

78 769 203 836 acceptis,
214 769 407 824 validissimam
420 773 508 840 gentis
520 771 613 824 urbem
626 771 748 823 cuniculo
760 771 839 840 cepit.
871 771 991 825 Barbarie
1025 805 1027 810 ,

79 837 167 890 simile
181 840 300 891 monstri¹
312 841 399 893 visum
413 851 461 908 est,
473 841 581 894 rudibus
592 840 749 892 militarium
761 856 878 908 operum,
892 841 991 910 quippe

80 907 107 958 in
125 908 215 960 media
233 909 318 963 ferme
337 911 402 963 nrbe
420 911 516 962 armati
535 919 604 962 terra
622 909 780 974 existebant,
798 909 869 962 nullo
887 910 990 962 suffossi

8 1017 9 1048 3
80 977 187 1044 specus²
203 978 389 1047 anterestigio
408 978 486 1031 lacto.
522 980 659 1047 Octoginta
677 978 752 1031 milia
772 977 896 1031 Indorum
914 979 940 1032 in
959 995 992 1032 ea

80 1046 186 1111 regione
204 1063 291 1116 caesa,
305 1047 454 1100 Clitarchus
472 1056 512 1100 est
529 1058 627 1116 auctor,
641 1047 792 1116 multosque
806 1048 927 1116 captivos
942 1048 992 1102 sub

8 1113 9 1176 ζ
80 1129 176 1168 corona
189 1117 314 1169 venisse.⁸
347 1119 447 1170 Rursus
459 1117 592 1170 Musicani
607 1116 770 1184 defecerunt,
783 1115 816 1168 ad
830 1133 896 1184 quos
907 1117 992 1187 oppri-

8 1181 9 1246 ζ
80 1185 193 1244 mendos
205 1185 302 1238 missus
314 1196 354 1240 est
368 1186 470 1257 Pithon,
483 1186 529 1256 qui
541 1195 650 1256 ceptum
668 1187 815 1256 principem
828 1187 916 1253 gentis
928 1203 992 1240 eun-

8 1251 9 1260 ’
79 1251 196 1322 dentque
209 1255 366 1309 delectionis
378 1266 514 1309 auctorem
526 1256 637 1309 adduxit
655 1255 689 1308 ad
705 1272 804 1324 regem.
842 1255 900 1315 Quo
911 1255 992 1309 Alex·

80 1321 163 1374 ander
186 1324 211 1376 in
236 1341 344 1378 crucem
368 1326 479 1394 sublato,
501 1343 590 1379 rursus
613 1341 729 1394 amnem,
752 1324 779 1378 in
800 1341 852 1394 quo
876 1325 992 1380 classem

80 1401 222 1460 expectare
243 1411 271 1446 se
291 1396 412 1466 jusserat,
435 1395 538 1466 repetit.
574 1395 672 1454 Quarto
692 1393 789 1448 deinde
810 1394 855 1447 die
876 1395 994 1450 secunde

80 1477 161 1514 amne
181 1465 301 1532 pervenit
321 1465 354 1518 ad
374 1465 507 1535 oppidum,
529 1465 604 1535 quod¹
623 1465 650 1517 in
674 1465 796 1532 regnum⁴
816 1473 872 1516 erat
892 1465 992 1518 Sambi.

8 1577 9 1596 ,
81 1530 174 1599 Nuper
186 1549 215 1586 se
228 1533 272 1585 ille
284 1534 432 1601 dediderat,
446 1535 492 1588 sed
506 1535 629 1605 oppidani
642 1533 826 1586 detrectabant
840 1533 992 1604 imperium,

8 1597 9 1664 j
81 1607 108 1652 et
120 1601 269 1670 clauserant
282 1613 377 1674 portas.
410 1606 526 1662 Quorum
538 1603 672 1674 paucitate
685 1611 846 1671 contempta,
859 1619 906 1655 rex
917 1605 993 1672 quin-

80 1678 173 1737 gentos
190 1673 320 1740 Agrianos
337 1674 444 1727 moenia
463 1673 552 1726 subire
569 1672 655 1742 jussit,
671 1679 698 1723 et
718 1672 817 1723 sensim
837 1671 995 1726 recedentes

8 1743 9 1750 ’
81 1738 178 1794 elicere
191 1751 265 1794 entra
277 1759 367 1794 muros
378 1743 490 1811 hostem,
501 1753 654 1794 secuturum
668 1739 794 1810 proiecto,
808 1739 831 1792 si
844 1739 935 1808 sugere
949 1757 995 1794 eos

8 1815 9 1820 ’
80 1808 210 1863 crederet.
254 1812 370 1879 Agriani,
396 1812 464 1864 sicut
487 1811 524 1864 im
545 1819 647 1863 eratum
672 1817 736 1878 erat,
762 1807 886 1861 lacessito
909 1809 993 1881 hoste,

8 1929 9 1938 ,
81 1877 169 1930 subito
188 1887 261 1946 terga
274 1887 386 1948 vertunt,
399 1897 466 1948 quos
485 1828 588 1934 barian
607 1877 693 1931 effuse
713 1887 856 1948 sequentes
874 1879 899 1930 in
919 1879 993 1948 alios,

8 1951 9 2004 ζ
82 1946 150 1998 inter
162 1964 229 2015 quos
242 1950 299 2016 ipse
312 1965 358 2001 ren
371 1957 435 2016 erat,
448 1949 586 2001 incidunt:
614 1949 748 2000 Renovato
761 1963 823 2016 ergo
840 1947 946 2015 proelio,
961 1965 997 2002 ex

8 2023 9 2076 j
82 2014 166 2066 tribus
186 2017 294 2068 milibus
314 2016 482 2070 barbarorum
503 2017 622 2070 sexcenti
643 2016 716 2070 caesi
735 2023 802 2086 sunt,
821 2016 896 2070 mille
914 2017 993 2088 capti,

8 2087 9 2102 ¹
82 2085 164 2136 ceteri
178 2085 317 2138 moenibus
330 2087 401 2140 urbis
413 2087 513 2140 inclusi.

8 2195 9 2200 ,
117 2157 158 2206 33.
177 2155 227 2206 Sed
246 2172 296 2207 non
314 2163 342 2207 ut
380 2155 446 2208 rima
458 2156 548 2226 specie
561 2155 631 2208 laeta
644 2156 759 2224 victoria,
773 2154 809 2212 ita
822 2163 918 2208 eventu
931 2171 998 2225 quo·

8 2211 10 2270 l
82 2239 135 2290 que
154 2223 217 2275 luit:
242 2225 340 2294 quippe
358 2173 462 2279 harbari
480 2242 583 2279 veneno
604 2226 735 2278 tinxerant
754 2224 865 2292 gladios.
900 2224 997 2294 Itaque

8 2281 10 2314 ²
82 2292 166 2344 saucii
188 2293 311 2346 subinde⁵
329 2295 491 2364 expirabant,
511 2313 562 2349 nec
581 2313 663 2348 causa
683 2303 739 2348 tarn
760 2303 883 2348 strenuae
903 2295 999 2348 mortis

82 2362 225 2429 excogitari
239 2373 339 2432 poterat
351 2382 366 2416 a
379 2365 498 2434 medicis,
512 2383 575 2418 curn
593 2365 674 2418 etiam
694 2364 769 2417 leves
783 2363 877 2433 plagae
890 2363 997 2418 insana-

82 2430 149 2484 biles
162 2442 259 2485 essent.
296 2433 404 2487 Barbari
422 2443 513 2487 autern
532 2444 702 2504 speraverant
721 2435 855 2486 incautum
869 2441 896 2485 et
908 2442 995 2486 teme-

83 2499 179 2554 rarium
205 2519 295 2570 regem
320 2504 407 2572 excipi
431 2517 517 2572 posse.
555 2505 589 2556 Et
609 2504 676 2556 forte
695 2504 764 2556 inter
784 2503 996 2572 promptissimos

81 2569 211 2623 dimicans
238 2573 352 2624 intactos
378 2581 507 2624 evaserat.
544 2569 689 2641 Praecipue
715 2572 891 2642 Ptolemaeos,
916 2572 995 2625 laevo

8 2631 9 2688 l
82 2639 191 2692 humero
212 2640 306 2692 leviter
327 2641 436 2710 quidem
456 2641 570 2709 saucius,
590 2641 638 2693 sed
656 2639 757 2709 majore
767 2641 891 2710 'periculo
910 2658 991 2710 quant

8 2703 9 2732 ³
81 2707 191 2762 vulnere
203 2709 325 2778 affectus,
341 2711 409 2778 regis
421 2709 625 2763 sollicitudinem
638 2710 664 2762 in
677 2727 707 2762 se
719 2717 892 2762 converterat.
929 2709 991 2764 San·

81 2778 162 2843 guine
174 2779 330 2848 conjunctus
342 2790 405 2850 erat,
419 2789 446 2830 et
458 2779 569 2847 quidam
582 2779 702 2848 Philippo
719 2780 839 2848 genitum
857 2794 917 2830 esse
934 2795 990 2832 cre·

82 2845 186 2918 debant,
208 2859 280 2903 certe
299 2849 396 2919 pellice
417 2849 475 2918 ejus
494 2857 580 2902 ortum
601 2849 747 2902 constabat.
783 2847 857 2902 Idem
878 2849 992 2918 eorporis

110 3011 197 3018 ——-·--
211 3013 239 3018 .—

82 2927 176 2986 oustos,
200 2919 468 2989 promptissimusque
494 2916 613 2983 bellator,
638 2927 666 2970 et
691 2917 765 2988 pacis
787 2916 888 2970 artibus
909 2935 991 2987 quam

111 3053 178 3102 ¹For
187 3053 229 3102 the
240 3066 397 3114 government
408 3055 437 3102 ol
448 3056 543 3111 aimus,
556 3069 598 3102 see
612 3053 692 3103 Gracc.
705 3053 780 3110 lidi.
793 3063 850 3102 note
861 3057 883 3102 2.

110 3133 120 3160 ²
132 3133 137 3154 ¹
147 3129 184 3176 Of
194 3145 209 3176 a
219 3145 320 3189 passage
331 3130 380 3190 dug
391 3129 577 3190 underground)

110 3201 185 3249 ¹'I'he
200 3200 290 3306 perfect
306 3201 422 3249 infinitive
434 3201 462 3248 ol
473 3219 551 3258 veneo,
567 3201 594 3249 ‘I
606 3218 645 3250 am
656 3201 726 3250 sold'
759 3201 806 3250 See
820 3201 900 3249 Gaura.
912 3199 926 3251 l
936 3203 989 3258 17⁵,

81 3270 138 3308 note
148 3263 169 3306 2.
215 3271 286 3307 rwss
303 3259 344 3308 tlre
360 3271 455 3308 custom
471 3271 495 3308 et
515 3261 594 3309 Rome
612 3261 649 3308 lor
667 3261 787 3321 prisonem
802 3258 831 3308 oi
843 3274 901 3315 wer,
919 3257 992 3308 when

81 3318 185 3379 brought
195 3330 221 3366 to
232 3319 282 3366 sale
293 3320 326 3379 by
337 3319 442 3375 auctiori,
455 3329 480 3368 to
492 3335 558 3368 wear
568 3334 583 3367 a
592 3335 681 3369 crcrrn.

109 3401 118 3424 ⁴
129 3391 177 3443 For
187 3397 211 3442 in
224 3412 302 3457 regno.
335 3395 382 3442 See
395 3395 493 3455 Zumpt,
505 3396 520 3448 i
530 3399 581 3446 ets.

110 3474 118 3498 ¹
130 3465 315 3526 ‘Immediately
327 3464 484 3516 afterwards!

188 3543 218 3592 19
419 3555 559 3606 ¹rr

947 3359 959 3383 9
