2264 3880
449 231 539 272 traua
561 233 591 272 x.
911 217 969 272 att

64 349 140 396 extra
159 341 260 412 regiam
279 341 416 394 astiterant
434 339 598 394 Macedones
617 340 713 408 pariter
731 340 888 410 barbarique
908 355 968 394 corr·

65 423 181 479 currunt,
201 427 251 467 nec
271 418 390 478 poterant
408 410 470 462 victi
487 426 505 461 a
523 409 664 464 victoribus
682 411 709 461 in
727 407 863 464 communi
882 407 970 477 dolore

65 481 190 534 discerni.
226 480 322 533 Persae
338 478 513 549 justissimum
526 495 557 530 ac
569 479 742 532 mitissimum
753 479 898 549 dominum,
911 479 970 532 Ma·

65 551 182 604 cedones
202 549 331 619 optimum
352 566 384 600 ac
404 548 575 600 fortissimum
596 548 866 618 regemlinvooantes,
887 556 971 606 certa·

65 637 129 675 meu
153 617 286 688 quoddam
306 618 432 671 maeroris
452 617 575 670 edebant.
610 619 669 670 Nec
691 627 852 674 maestorum
876 617 970 686 solum,

67 689 115 742 sed
132 689 215 740 etiarn
232 686 425 755 indignantium
446 703 526 739 voces
545 685 762 756 exaudiebantur,
784 695 838 740 tarn
860 685 970 744 viridem

67 767 94 812 et
115 758 143 810 in
163 757 226 810 flore
246 758 342 810 aetatis
362 757 534 825 fortunaeque
554 754 655 808 invidia
673 755 753 808 deum
772 763 892 824 ereptum
912 771 972 806 esse

68 825 296 880 rebushumanis.
332 826 412 894 Vigor
424 825 483 894 ejus
497 838 524 877 et
537 824 625 877 vultus
643 824 781 878 educentis
799 825 825 877 in
844 823 972 892 proelium

68 895 174 964 milites,
198 894 343 948 obsidentis
366 894 453 962 urbes,
474 893 612 947 evadentis
636 894 662 945 in
686 901 783 962 muros,
804 893 884 946 fortes
903 891 973 946 viros

68 982 113 1036 pro
130 965 250 1017 contione
268 963 390 1016 donantis
407 962 578 1016 occurrebant
594 962 685 1015 oculis.
722 963 791 1015 Tum
810 961 973 1014 Macedonas

68 1035 170 1088 divinos
186 1033 298 1086 honores
314 1049 426 1100 negasse
444 1033 469 1084 ei
523 1031 648 1101 enitebat,
661 1031 809 1100 impiosque
821 1031 974 1100 etiugratos

68 1103 159 1225 fnissdaa
168 1119 199 1154 ae
215 1101 416 1170 confitebantur,
429 1117 481 1171 quo
517 1117 596 1154 aures
613 1100 672 1170 ejus
688 1101 778 1156 debita
796 1099 973 1170 appellatione

67 1173 124 1226 l'rau
162 1179 242 1226 ssent.

106 1246 143 1295 16.
164 1242 198 1296 lit
220 1257 283 1294 curn
303 1239 348 1294 diu
371 1255 442 1294 nuno
464 1239 492 1292 in
509 1238 687 1308 veneratione,
707 1255 778 1292 nune
797 1237 824 1291 in
843 1237 974 1294 desiderio

68 1311 137 1378 ragis
156 1308 324 1376 haesissent,¹
344 1309 370 1362 in
394 1309 464 1378 ipsos
481 1325 559 1362 versa
576 1308 709 1361 miseratio
728 1316 777 1361 est.
813 1308 973 1362 Macedonia

67 1379 177 1450 proiecti
198 1379 289 1432 ultra-
313 1377 440 1448 upbraten
464 1380 490 1432 in
514 1376 610 1434 mediis
630 1377 752 1432 ,hostibus
772 1393 870 1432 novum
890 1379 973 1448 impe·

68 1449 134 1502 rium
152 1448 354 1518 aspernantius
371 1447 510 1503 destitutos
528 1463 558 1500 sa
576 1463 636 1500 esse
654 1447 812 1516 cernebant,
832 1447 889 1500 sine
901 1455 974 1508 certo

68 1519 138 1586 regis
149 1517 248 1573 herede
260 1517 380 1586 publicas
392 1517 463 1570 vires
472 1517 507 1570 ad
520 1530 549 1570 se
561 1533 696 1586 quemque
708 1525 863 1572 tracturum.
899 1517 974 1570 Bella

67 1585 163 1640 deiude
187 1585 282 1655 civilia,
303 1603 372 1656 quae
397 1594 490 1640 secuta
512 1595 580 1654 sunt,
606 1586 739 1639 mentibus
761 1585 973 1652 augurabantur:

67 1656 171 1725 iterum,
181 1671 232 1709 non
240 1654 275 1708 da
287 1671 367 1724 regno
375 1657 465 1720 Asiae,
479 1656 527 1707 sed
539 1655 574 1707 de
586 1669 656 1722 rege,
670 1654 734 1722 ipsis
746 1653 901 1722 sanguinem
914 1669 974 1708 esse

68 1724 232 1779 fundendum
241 1741 248 1792 ;
267 1725 341 1778 novis
352 1723 508 1778 vulneribus
519 1731 624 1776 veteres
641 1723 803 1792 rumpendus
820 1723 957 1776 cicatrices
965 1740 973 1792 3

69 1811 155 1864 senes,
175 1793 286 1863 debiles,
311 1792 390 1846 modo
412 1793 495 1862 petita
518 1791 643 1846 missione
666 1808 683 1844 a
704 1791 774 1860 justo
799 1793 881 1862 rege,¹
903 1809 974 1847 nunc

68 1863 207 1916 morituros
229 1879 275 1932 pru
298 1862 416 1930 potentia
435 1860 543 1920 forsitan
562 1861 684 1914 satellitis
706 1860 820 1930 alicujus
844 1861 972 1930 ignobilis.

68 1933 123 1985 Has
145 1931 317 1998 cogitationes
339 1929 505 1984 volventibus
532 1946 585 1983 nox
613 1931 771 2000 supervenit,
795 1939 974 2000 terroremque

68 2001 148 2054 auxit.
184 1999 288 2054 Milites
305 2000 334 2052 in
350 2000 433 2056 armis
444 1999 603 2067 vigilabant,
620 1998 759 2068 Babylonii
776 1999 845 2052 alius
856 2017 872 2052 e
883 2000 972 2070 muris,

68 2070 136 2123 alius
153 2069 271 2124 culmine
289 2068 330 2123 sui
341 2069 454 2138 quisque
467 2069 539 2122 teoti³
552 2083 611 2138 pros
646 2067 761 2138 ctabant,
774 2068 851 2137 quasi
862 2069 974 2123 certiora

70 2139 157 2192 visuri.
192 2138 404 2206 Necquisquam
421 2137 522 2190 lumina
538 2139 608 2192 aude
645 2136 827 2191 taccendere.
864 2138 898 2192 Et
910 2137 974 2207 quia

68 2208 202 2261 oculorum
214 2206 335 2260 cessabat
347 2223 421 2274 usus,
428 2205 550 2260 fremitus
558 2223 638 2262 voces
656 2223 690 2260 ue
702 2207 811 2261 auribus
822 2207 973 2278 captabant,

69 2294 101 2329 ao
120 2276 276 2346 plerumque
293 2292 360 2329 vano
379 2283 453 2330 metu
473 2277 555 2330 territi
574 2293 621 2346 per
632 2293 647 2330 o
660 2278 757 2330 'scuras
773 2276 891 2344 semitas,
904 2276 973 2330 alitis

69 2345 113 2398 alii
136 2354 319 2414 occursantes,
338 2345 450 2398 invicem
481 2347 598 2414 suspecti
627 2364 660 2399 ac
688 2346 791 2400 solliciti
815 2345 972 2399 serebantur.

69 2416 173 2485 Persae,
191 2415 274 2468 cornis
293 2431 341 2468 suo
358 2431 432 2468 more
449 2414 574 2485 detonsis,
587 2416 613 2468 in
626 2415 730 2484 lugubri
743 2424 823 2484 veste,
837 2433 899 2468 oum
912 2432 972 2469 cun·

68 2483 175 2554 jugibus
191 2501 223 2537 ac
241 2483 338 2552 liberis,
356 2501 408 2537 nou
425 2491 454 2537 ut
468 2484 595 2538 victorem
613 2493 640 2538 et
657 2486 735 2538 modo
752 2485 864 2554 hostem,
878 2484 925 2538 sed
943 2493 972 2538 ut

68 2553 154 2622 gentis
172 2570 236 2606 suae
247 2553 422 2622 justissimum
435 2569 525 2622 regern
537 2570 599 2606 vero
610 2553 740 2608 desiderio
752 2553 885 2622 lugebant.
921 2556 971 2608 As·

69 2624 136 2676 sueti
156 2622 206 2675 sub
225 2637 286 2690 rege
303 2623 399 2690 vivere,
418 2638 469 2674 non
489 2623 580 2694 alium,
599 2623 644 2692 qui
662 2623 804 2694 imperaret
826 2623 897 2694 ipsis,
916 2623 971 2692 dig·

69 2693 167 2748 niorem
181 2691 263 2748 luisse
275 2691 474 2745 confitebantur.

106 2767 145 2814 17.
164 2762 223 2814 Nec
243 2761 324 2813 muris
347 2759 420 2813 urbis
443 2760 530 2814 luctus
548 2759 737 2829 continebatur,
756 2758 804 2812 sed
842 2761 970 2815 roxinram

70 2831 201 2898 regionem
214 2829 249 2883 ab
261 2847 301 2898 ea,
315 2827 411 2882 deinde
423 2847 548 2899 magnam
596 2839 662 2884 rtem
674 2829 756 2884 Asiae
768 2829 807 2883 cis
819 2777 970 2899 lluphraten

69 2900 134 2951 tanti
144 2899 209 2952 mali
222 2899 294 2952 sarna
306 2907 465 2968 pervaserat.
501 2900 544 2952 Ad
597 2899 635 2952 rei
647 2915 752 2980 quoque
771 2908 883 2952 matrem
900 2899 969 2953 cele·

70 2969 130 3020 riter
144 2968 306 3036 perteneat.
343 2968 456 3022 Abscisa
473 2985 534 3038 ergo
545 2977 629 3040 veste,
641 2985 693 3038 qua
711 2968 803 3022 induta
819 2977 882 3039 erat,
896 2969 970 3040 lugu·

99 3144 105 3167 ¹
119 3137 216 3187 ‘When
227 3138 284 3198 they
294 3139 342 3189 had
351 3141 414 3188 been
424 3140 481 3202 long
491 3142 609 3190 absorbed
620 3141 661 3190 ira’

97 3213 107 3240 ⁸
118 3214 124 3236 ⁴
134 3209 207 3258 From
219 3209 280 3257 their
290 3211 384 3272 regular
394 3211 493 3266 (lausai,
506 3211 654 3272 recognised)
665 3211 741 3274 king!

97 3283 207 3334 “aomo
222 3283 283 3334 from
299 3285 340 3332 the
351 3285 428 3342 wells,
441 3286 523 3336 others
533 3285 594 3335 from
609 3287 650 3336 the
665 3287 730 3338 rocla
744 3288 773 3338 os
786 3289 850 3340 their
859 3290 967 3340 bousesss

69 3344 125 3393 'l'be
140 3343 267 3404 repetition
282 3343 310 3392 os
323 3344 365 3392 tbs
380 3345 527 3406 proposition
542 3345 613 3395 isnot
625 3348 968 3458 nemssaryltzummmi.

69 3403 125 3454 Tha
135 3403 205 3454 wells
215 3402 272 3453 bere
283 3402 376 3464 spoken
386 3403 414 3453 oi
420 3419 460 3454 are
471 3403 541 3454 those
551 3405 675 3470 enclomng
684 3407 727 3458 tbe
737 3407 825 3470 umato
902 3417 911 3458 .’

531 3482 548 3521 0
