2438 3886
533 275 626 320 arnse
645 277 689 319 111.
1031 259 1068 318 lb

151 391 200 464 qui
218 388 407 462 inexplicabile
425 386 564 443 vinculum
580 386 710 458 solvisset,
728 385 825 458 cupido
843 385 952 442 incessit
969 385 1069 440 animo¹

152 461 231 516 sortis
242 461 302 531 ejus
318 459 480 530 implendae.
516 459 593 512 Circa
609 475 701 527 regern
718 469 774 510 erat
792 464 820 510 et
836 457 974 528 Phrygum
991 457 1069 512 turba

152 539 181 586 et
198 531 387 601 Macedonum,
400 529 445 582 illa
457 528 642 600 expectatione
661 521 803 598 suspensa,
816 527 885 580 haec
902 527 1017 580 sollicita
1034 543 1070 581 ex

154 601 298 656 temeraria
309 600 380 668 regis
391 599 503 652 fiducia:
522 598 621 669 quippe
634 597 717 650 series
729 596 894 651 vinculorum
910 597 947 650 ita
961 596 1070 650 astricta

154 679 219 742 erat,
231 678 261 724 ut
273 669 344 724 unde
356 685 443 722 nexus
458 667 594 738 inciperet,
608 683 696 736 quove
708 683 737 719 se
749 666 883 737 conderet,
897 683 948 720 nec
960 665 1068 736 ratione,

155 757 206 796 uec
218 741 276 795 visu
289 739 404 810 perspici
419 746 524 808 posset:
544 737 646 791 solvere
664 753 805 806 aggressus
822 733 951 807 injecerat
968 753 1069 802 curam,

155 826 190 866 ne
208 811 235 864 in
253 826 333 862 omen
349 816 496 862 verteretur
513 807 614 860 irritum
633 807 779 875 inceptum.
815 804 864 858 Ille
881 805 1071 876 nequicquam²

154 879 202 934 diu
221 879 336 934 luctatus
350 895 414 932 cum
430 877 574 931 latentibus
585 874 669 946 nodis,
682 875 757 955 nihil,
771 875 863 946 inquit,
877 875 985 929 interest
1007 891 1070 946 quo·

156 949 235 1004 modo
254 949 402 1002 solvantur:
421 945 564 1018 gladioque
580 945 664 1016 ruptis
681 945 807 1000 omnibus
822 943 892 1018 loris,
906 962 985 1000 oracu
997 946 1005 1000 i
1017 962 1068 1000 sor·

156 1029 212 1074 tem
225 1019 269 1074 vel
281 1017 371 1098 elucit,
385 1017 430 1071 vel
442 1016 583 1088 implevit.³

193 1095 217 1142 3.
237 1089 306 1142 Cum
326 1086 425 1142 demde
448 1087 573 1155 Dareum,
594 1085 747 1155 ubicunque
767 1092 846 1156 esset,
868 1101 999 1156 occupare
1017 1081 1071 1140 ‘sta-

157 1157 252 1214 tuisset
279 1166 309 1210 ut
325 1174 342 1210 a
359 1166 432 1226 tergo
452 1165 508 1210 tuta
528 1155 697 1226 relinqueret,
717 1154 911 1225 Amphoterum
936 1155 1016 1210 classi
1037 1155 1072 1210 ed

156 1245 232 1282 oram
251 1198 423 1308 Hellesponti,
442 1225 526 1298 copiis
542 1235 635 1279 autem
652 1224 781 1295 praefecit
798 1223 990 1295 Hegelochum,
1009 1225 1072 1278 Les·

157 1297 226 1354 bum
247 1307 275 1351 et
297 1297 396 1351 Chium
417 1297 568 1366 Coumque⁴
590 1293 730 1366 praesidiis
759 1294 877 1348 hostium
905 1293 1071 1349 liberaturos.

159 1369 208 1422 His
224 1367 325 1421 talenta
342 1367 377 1421 ad
398 1365 460 1420 belli
479 1383 559 1420 usum
579 1365 725 1435 quingenta
744 1363 885 1418 attributa:
910 1363 946 1419 ad
963 1365 1072 1436 Antipa-

159 1445 231 1492 trum
248 1449 276 1492 et
294 1453 347 1507 eos,
363 1437 410 1506 qui
427 1437 545 1490 Graecas
561 1435 641 1489 urbes
659 1434 801 1488 tuebantur
828 1447 956 1488 sexcenta
973 1434 1071 1488 missa:

160 1525 196 1562 ex
214 1508 322 1561 foedere
339 1523 423 1560 naves
440 1505 520 1560 sociis
536 1505 692 1576 imperatae,
723 1518 774 1556 uae
792 1473 964 1574 Hellesponto
975 1504 1073 1574 praesi-

158 1577 286 1632 derent‘·
306 1575 434 1632 Nondum
451 1575 524 1630 enim
541 1575 717 1628 Memnonem
744 1574 799 1627 vira
812 1573 961 1628 excessisse
979 1589 1073 1643 eogno-

160 1655 250 1701 verat:
271 1647 298 1700 in
315 1663 397 1717 quem
414 1661 509 1700 omncs
527 1643 675 1698 intenderat
693 1661 777 1716 curas,
791 1643 856 1698 satis
867 1661 965 1713 gnarus
977 1650 1076 1697 cuneta

160 1717 187 1771 in
199 1717 324 1788 expedito
336 1715 399 1785 sore,
413 1718 436 1769 si
448 1714 515 1769 nihil
526 1715 561 1768 ab
573 1729 605 1767 ec
617 1724 777 1768 moveretur.
806 1714 921 1794 Jamque
932 1714 967 1766 ad
980 1711 1076 1767 urbem

161 1789 299 1858 Ancyram
314 1795 425 1840 ventum
443 1784 570 1856 erat,'ubi
590 1801 700 1838 numero
717 1785 854 1854 copiarum
872 1784 944 1853 inito,
963 1781 1075 1852 Paphla·

159 1857 269 1928 geniem
281 1857 358 1908 intrat
366 1857 384 1924 3⁷
402 1854 464 1908 huic
478 1854 563 1925 juncti
576 1862 650 1906 erant
662 1854 768 1925 Heneti,
782 1853 854 1908 unde
866 1853 977 1933 quidam
988 1853 1075 1908 Vene-

162 1937 203 1979 tos
215 1926 319 1978 trahere
331 1922 458 1994 originem
471 1923 589 1976 credunt.
626 1924 719 1977 Omnis
736 1922 805 1977 haec
822 1940 896 1992 regio
911 1922 997 1992 paruit
1009 1923 1074 1990 regi,

161 1995 286 2064 datisque
298 1993 435 2048 obsidibus
444 1993 579 2062 tributum,
589 1992 659 2062 quod
672 2009 706 2046 ne
718 1993 807 2046 Persis
815 1992 926 2062 quidem
935 1991 1076 2062 tulissent,⁸

162 2064 281 2136 pendere
301 2080 335 2117 nc
355 2071 519 2133 cogerentur,
540 2062 756 2133 impetraverunt.
793 2062 872 2116 cates
891 2061 956 2117 huic
975 2061 1076 2131 regioni

192 2231 200 2256 ¹
212 2225 261 2276 For
270 2225 434 2274 construction
443 2223 570 2292 ottocento,
578 2239 620 2272 sce
632 2223 731 2284 Zumpt,
742 2223 816 2276 bibi,
843 2222 944 2272 Curtius
955 2222 1007 2272 also
1018 2237 1076 2272 uses

162 2287 205 2377 th?
213 2285 354 2373 ‘accusative
367 2284 426 2332 with
437 2285 550 2366 inferiore,
563 2299 595 2330 tv.
609 2287 643 2331 10.

162 2411 200 2514 Α’
211 2345 479 2454 Imtnlrlghhsthhcgghre
491 2401 573 2462 thing:
591 2401 633 2450 the
644 2402 708 2463 yolre
720 2417 771 2451 was
781 2401 849 2451 freed
858 2402 920 2451 from
937 2401 979 2450 the
995 2404 1076 2451 beam.

189 2461 653 2580 3tTohpso-,gsghgesngprmffl{gentianus
668 2520 716 2572 and
733 2520 836 2578 Cnidus,
854 2520 933 2571 called
948 2520 974 2569 in
992 2520 1076 2570 Greek

164 2589 219 2640 ltus,
232 2584 253 2632 is
264 2583 361 2631 written
377 2582 402 2629 in
419 2581 490 2629 Latin
501 2579 560 2627 both
575 2579 619 2628 Cos
630 2579 677 2629 end
690 2579 762 2639 Coos,
775 2597 856 2630 accus.
871 2581 920 2630 Con
932 2579 979 2629 and
992 2579 1074 2638 Coum,

161 2639 565 2768 abla‘thichishhereztgrphlfott'egthhe
573 2697 735 2770 Hellespont’
749 2699 881 2748 Thenarhe
889 2698 1073 2807 Hellesgontus.

162 2759 257 2870 “mih
269 2762 287 2809 it
298 2759 409 2831 properly
417 2759 509 2827 applres
518 2767 544 2805 to
553 2757 594 2804 the
606 2768 674 2807 strort
684 2761 797 2808 between
805 2759 847 2828 the
857 2759 960 2828 Aegean
985 2759 1075 2828 ¹eaaud

164 2818 893 2930 ‘lnttl‘tldtlttldtt'ltltldtlltlztltu
907 2818 1031 2927 ltltl’
1044 2833 1077 2868 ⁰¹¹

163 2890 174 2928 ¹
192 2896 207 2970 ·⁰
213 2940 238 2987 A
251 2895 334 2987 eriis
344 2938 372 2987 or
385 2914 494 2992 nubea,
507 2935 563 3004 wne
574 2935 622 2985 uae
635 2913 816 2986 melinum
826 2937 874 2986 sna
884 2893 1077 3000 diniensi

164 2995 966 3166 ffffffffidlfflffinffigssffisspom,mmmmm„
974 3055 1075 3106 Parthe-

165 3131 221 3165 mus
236 3119 283 3166 and
324 3117 385 3178 alys.
419 3116 449 3186 ln
459 3115 509 3164 this
519 3125 622 3184 country
634 3115 675 3164 tho
691 3116 781 3164 Heneti
792 3131 832 3166 ere
843 3115 896 3165 said
906 3131 967 3165 once
978 3125 1004 3164 to
1014 3116 1076 3165 have

165 3175 250 3233 dwolt,
263 3175 327 3234 who,
340 3176 468 3238 according
478 3185 504 3222 tc
514 3190 529 3223 a
539 3174 701 3236 wide-spread
711 3175 832 3233 tradition,
845 3176 892 3224 em'
938 3175 979 3224 ted
993 3175 1019 3223 iu
1034 3174 1077 3224 the

165 3235 259 3296 Trojeu
269 3235 350 3293 tunes,
361 3237 410 3286 and
420 3234 526 3284 founded
536 3233 577 3282 the
588 3236 650 3284 tribe
661 3235 689 3285 oi
695 3235 737 3284 the
750 3235 840 3284 Veneti
850 3235 876 3285 in
900 3234 959 3342 talp.
985 3233 1016 3282 In
1025 3233 1075 3282 his-

165 3294 249 3344 torical
265 3295 339 3344 times
351 3296 418 3345 there
431 3311 496 3345 were
512 3311 543 3345 no
559 3296 650 3345 Heneti
666 3295 690 3344 in
707 3294 880 3357 Paphlagonia,
911 3295 936 3343 A
947 3292 1077 3344 exauder’s

163 3365 284 3415 conquest
299 3353 327 3403 oi
344 3355 510 3418 Paphlagonia
526 3371 576 3406 was
594 3357 638 3404 but
653 3353 805 3416 superficiem
828 3354 859 3404 its
875 3361 940 3404 most
956 3351 1076 3414 completa

72 3467 74 3474 ,
163 3415 322 3478 subjugation
332 3429 383 3464 was
394 3414 436 3464 leit
448 3425 473 3465 to
485 3415 566 3465 Gales.
598 3416 645 3464 See
656 3415 688 3464 iv.
699 3417 736 3464 23.

192 3491 201 3518 ¹
213 3486 268 3557 [l'he
277 3487 431 3549 subjunctive
440 3487 522 3538 shows
529 3489 547 3536 it
555 3497 581 3537 to
589 3489 650 3539 beve
657 3489 721 3538 been
728 3503 743 3538 a
750 3494 883 3540 statement
889 3483 919 3536 ci
922 3483 964 3536 the
972 3483 1075 3548 Paphla·

163 3561 266 3609 gematis
276 3547 434 3598 themselves.
465 3548 512 3598 See
526 3549 606 3598 Grues.
618 3548 632 3602 i
643 3551 695 3598 ³54.
