2410 3890
536 269 628 308 erasit
647 269 687 310 iv.
754 273 759 286 ¹
1025 259 1063 313 95

153 383 271 431 mutatus
283 385 339 430 est:
360 375 428 429 sedit
441 376 586 429 immobilis
599 379 696 447 (eredo,
706 379 857 447 praecoqui¹
868 379 966 448 gaudio
978 382 1062 434 verita

153 449 253 499 irritare
276 447 428 516 fortunam),
453 447 520 498 adeo
545 457 580 514 ut,
600 448 663 516 quid
688 447 787 516 mallet,
813 449 977 502 intuentibus
1000 468 1059 504 eam

153 517 232 568 fuerit
251 515 390 568 incertum.
427 515 499 567 lnter
523 519 589 566 haec
613 517 744 585 Menidas,
765 517 917 585 praefectus
976 520 1060 574 uitum

153 585 305 654 Alexandri,
324 602 386 638 cum
404 585 497 652 paucis
520 585 614 636 turmis
637 602 715 654 opem
741 585 941 653 impedimentis
971 599 1061 642 aturus

151 655 304 724 advenerat,
324 656 455 706 incertum
480 669 561 706 suone
580 656 697 721 consilio,
716 672 749 706 an
769 655 837 722 regis
861 657 988 726 imperio,
1012 659 1059 711 sed

153 741 203 776 non
222 723 344 776 sustinuit
365 723 551 774 Caucasiorum
573 723 783 791 Scytharumque
804 725 941 795 impetum,
961 727 1059 796 quippe

153 795 195 845 vix
217 801 344 862 temptato
356 793 502 844 certamine
523 791 617 860 refugit
637 792 670 844 ad
691 809 790 862 regern,
803 793 960 847 amissorum
977 797 1059 864 impe·

152 862 329 915 dimentorum
360 861 436 912 testis
462 860 555 929 magis,
580 879 661 930 quarn
686 861 791 914 vindere
835 862 897 916 Jam
920 865 1059 917 consilium

151 931 295 984 Alexandri
307 929 380 982 dolor
392 929 506 982 vicerat:
527 939 554 982 et
572 948 604 982 ne
624 948 687 982 cura
700 930 874 1000 recuperandi
886 948 935 984 sua
947 933 1059 986 militem

151 1018 167 1052 a
179 1000 277 1070 proelio
289 1008 428 1066 averteret,
442 1016 492 1052 non
512 999 643 1052 immerito
656 1000 805 1052 verebatur.
841 1001 933 1069 ltaque
951 1003 1057 1068 Areten,

151 1070 248 1192 dpcem
259 1067 436 1150 'hastatorum
454 1067 657 1140 (sarissophoros
677 1068 825 1140 vocabant),
841 1069 974 1123 adversus
997 1071 1058 1141 sey-

152 1148 161 1191 t
182 1155 212 1191 as
229 1146 317 1191 mrttrt.

186 1213 228 1261 57.
247 1208 318 1261 lnter
338 1205 405 1259 haec
425 1223 523 1276 currus,
537 1207 582 1276 qui
602 1205 673 1260 cirea
692 1206 769 1328 eiffia
787 1207 872 1277 prima
889 1207 1059 1262 turbaverant

151 1279 247 1343 aciem,
261 1277 287 1330 iu
305 1276 464 1346 phalangem
483 1276 580 1330 invecti
599 1285 681 1330 erant.
749 1276 882 1330 acedones
899 1278 1060 1332 confirmatis

151 1347 248 1400 animis
270 1345 297 1399 iu
320 1345 440 1399 medium
464 1363 560 1414 agmen
584 1346 725 1415 accipiunt.
762 1345 840 1403 Vallo
863 1347 957 1400 similis
985 1349 1059 1402 acies

151 1423 222 1468 erat:
241 1414 380 1486 junxerant
400 1415 496 1484 hastas,
516 1424 543 1468 et
566 1415 602 1468 ab
620 1425 730 1484 utroque
748 1415 831 1467 latere
852 1425 953 1468 temere
975 1418 1058 1470 incur·

152 1486 264 1539 rentium
284 1484 327 1536 ilia
344 1484 543 1538 suffodiebant.⁸
577 1485 721 1537 Circumire
738 1484 836 1537 deinde
854 1501 945 1538 currus
963 1496 989 1538 et
1002 1503 1058 1556 pro-

151 1563 311 1624 pugnatores
328 1555 500 1624 praeoipitare
524 1553 688 1624 coeperunt.³
722 1553 820 1622 Ingens
837 1556 911 1606 ruina
930 1571 1057 1624 equorum

150 1624 352 1693 aurigarumque
375 1624 462 1677 aeiem
486 1623 674 1694 compleverat.
711 1621 746 1674 Hi
769 1623 872 1675 territos
896 1639 987 1691 regere
1007 1641 1056 1677 non

150 1699 278 1762 poterant,
300 1692 345 1762 qui
366 1692 459 1745 crebra
477 1692 621 1761 jactatione
641 1691 775 1744 cervicum
796 1707 848 1745 non
869 1691 959 1762 'egum
979 1693 1057 1746 modo

151 1770 329 1830 excusserant,
349 1760 398 1814 sad
421 1762 502 1815 etiam
525 1779 617 1816 currus
640 1768 805 1814 everterant:
830 1777 866 1814 ru
896 1763 962 1816 erati
981 1763 1057 1815 inter-

150 1830 235 1884 lectos
253 1829 398 1900 trahebant,
412 1847 462 1883 nec
477 1832 621 1886 consistere
642 1830 731 1898 territi,
745 1846 796 1882 nec
814 1831 935 1900 progredi
955 1831 1058 1885 debiles

149 1907 278 1970 poterant.
314 1899 419 1953 Paucae
449 1908 538 1953 tamen
568 1915 677 1952 evasere
706 1897 851 1967 quadrigae
881 1900 907 1952 in
937 1900 1057 1954 ultimam

105 1983 131 2014 κ
150 1971 246 2039 aciem,
268 1969 310 2038 iis,
323 1969 421 2038 quibus
439 1969 593 2037 inciderunt,
607 1967 753 2021 miserabili
773 1978 857 2022 morte
878 1970 1056 2039 consumptis:

149 2041 212 2110 quip
232 2055 248 2090 e
265 2047 403 2108 amputata
420 2040 535 2091 virorum
554 2038 674 2091 membra
698 2036 774 2089 humi
795 2035 928 2106 jacebant,
948 2046 975 2091 et
995 2039 1058 2108 quia

149 2108 201 2163 oali
222 2109 243 2160 is
255 2107 344 2161 adhuc
357 2107 509 2161 vulneribus
529 2107 621 2160 aberat
639 2105 719 2174 dolor,
736 2106 821 2160 trunci
840 2120 947 2176 quoque
966 2114 1001 2160 et'
1012 2109 1057 2161 de·

148 2178 216 2232 biles
235 2193 378 2230 armenon
399 2177 576 2247 omittebant,⁴
595 2178 687 2246 donee,
708 2176 792 2230 multo
811 2177 940 2246 sanguine
963 2177 1056 2246 effuso,

148 2248 291 2300 exanimati
314 2245 524 2315 procumberent.
561 2247 670 2299 lnteritn
694 2247 797 2316 Aretes,
822 2245 988 2328 Scytharum,
1012 2250 1057 2317 qui

149 2315 340 2386 impedimenta
357 2315 524 2386 diripiebant,
544 2315 613 2368 duce
630 2315 724 2384 occiso,
740 2315 847 2383 gravius
865 2317 961 2370 territis
979 2328 1056 2369 insta-

148 2385 202 2440 bat.
239 2387 419 2454 Supervenere
438 2384 534 2438 deinde
547 2403 562 2436 a
576 2387 660 2438 Dareo
673 2385 810 2448 Bactriani,
821 2401 982 2464 pugnaeque
1000 2402 1056 2439 ver·

148 2465 204 2510 tere
224 2454 363 2508 fortunam.
398 2453 478 2507 Multi
501 2471 562 2523 ergo
585 2454 766 2508 Macedonum
789 2471 873 2524 pnmo
892 2456 993 2526 impetu
1012 2454 1056 2522 ob·

149 2525 200 2580 triti
220 2533 288 2594 sunt,
307 2523 397 2594 plures
413 2523 447 2577 ed
466 2523 649 2578 Alexandrum
665 2522 825 2590 refugerunt.
861 2523 931 2577 Tum
952 2523 1056 2594 Persae,

148 2595 264 2648 elamore
271 2592 382 2662 sublato,
391 2593 501 2662 qualem
509 2593 623 2646 victores
631 2592 716 2645 solent
727 2590 815 2660 edere,
829 2591 951 2646 feroeiter
962 2593 988 2645 in
998 2593 1056 2646 hoe-

149 2673 212 2732 tem,
222 2663 297 2733 qnasi
305 2661 403 2731 ubique
411 2663 585 2732 profligatum,
594 2661 765 2714 insurrenmt.
795 2660 947 2714 Alexander
955 2663 1057 2715 territos

148 2735 283 2802 uestigare,
296 2731 436 2798 adhortari,
448 2731 586 2802 proelium,
600 2730 670 2800 quod
681 2729 736 2800 jam
755 2729 916 2800 elanguerat,
929 2729 1001 2783 solus
1012 2747 1055 2784 ac·

148 2802 269 2872 candere,
282 2800 496 2869 confirmatisque
509 2800 616 2854 tandem
628 2799 732 2868 animis,
746 2799 783 2852 ire
796 2798 822 2852 in
834 2798 939 2852 hostem
949 2798 1045 2869 jubet.⁶

179 2921 185 2942 ¹
196 2915 231 2962 Or
241 2917 350 2976 praecoci,
365 2919 517 2972 ‘premerere
525 2914 542 2971 3'
556 2911 668 2968 literallv,
684 2912 801 2970 ‘unripe'
829 2910 884 2958 The
893 2913 951 2960 verb
962 2929 1056 2974 coquere

148 2972 240 3021 isueed
250 2973 321 3020 when
333 2988 369 3020 we
380 2972 456 3031 spealr
467 2973 495 3020 ol
502 2972 542 3020 the
553 2988 599 3020 sun
609 2987 636 3019 or
645 2961 702 3020 beat
715 2970 847 3030 ‘ripening’
860 2969 937 3020 fruita.

176 3036 186 3061 ²
196 3031 282 3090 ‘They
293 3031 393 3080 stebbed
405 3033 431 3079 in
443 3031 483 3080 the
495 3031 560 3092 belly
572 3031 613 3078 the
624 3030 708 3078 homes
719 3028 800 3077 which
811 3045 853 3077 ren
863 3031 957 3090 against
969 3031 1051 3080 them.¹

148 3087 196 3138 For
204 3089 253 3137 this
262 3104 363 3148 purpose
375 3089 416 3138 the
427 3093 539 3145 cartesae,
553 3105 580 3138 or
589 3087 892 3150 epeerstwenty-sourseet
902 3089 967 3152 long,
977 3090 1005 3138 ol
1013 3091 1053 3138 the

148 3147 308 3198 Macedonian
320 3148 431 3208 infantry,
443 3164 506 3197 were
518 3164 577 3209 very
588 3147 644 3197 well
655 3147 732 3196 fitted.

100 3252 103 3260 ,
176 3207 242 3255 ’For
252 3207 292 3254 the
303 3221 347 3254 use
358 3207 385 3254 ol
391 3225 415 3257 ω
448 3209 460 3263 ’,
470 3208 542 3256 when
551 3207 568 3254 it
580 3222 660 3255 seems
672 3206 764 3268 merely
772 3216 797 3255 to
808 3206 862 3269 give
874 3208 1052 3271 epicturesque

145 3267 218 3316 effect
231 3278 255 3314 ro
266 3266 307 3313 the
318 3266 397 3314 aetion
409 3225 490 3318 oepqhe
501 3268 559 3314 verb
570 3266 589 3314 it
616 3281 711 3322 evome,
724 3283 765 3317 see
778 3267 839 3315 Zurn
857 3281 875 3324 t,
889 3267 964 3320 9753.

174 3332 183 3354 ⁴
196 3333 202 3351 ⁶
214 3325 285 3372 Thou
303 3323 456 3393 bmutileted
467 3325 513 3374 arrd
524 3283 664 3384 powcrless.
678 3325 737 3386 they
747 3326 796 3374 still
807 3326 831 3374 di
858 3336 899 3374 not
915 3325 973 3384 drop
989 3324 1053 3372 their

145 3385 226 3434 arms?
259 3340 361 3453 Afiflu?
372 3397 392 3430 rs
403 3398 484 3444 every
494 3383 760 3453 graphiedeeqription..

174 3453 182 3476 ¹
193 3442 232 3503 Up
243 3452 268 3491 to
279 3443 327 3492 thie
337 3450 405 3499 time,
418 3441 459 3490 the
471 3441 643 3491 Macedoniam
653 3457 678 3490 m
688 3443 729 3491 the
746 3443 793 3491 line
808 3443 836 3491 of
847 3443 921 3492 battle
932 3440 979 3490 hed
989 3443 1050 3490 been

144 3501 260 3564 occupied
271 3499 364 3561 merely
373 3501 398 3550 in
409 3499 539 3562 delending
549 3501 696 3550 themselves
707 3502 768 3550 lrom
779 3502 819 3550 the
829 3499 1039 3562 scytheelrariote.
