2410 3890
81 788 85 795 ·
161 763 265 830 equites
277 762 394 830 Agriani²
405 779 437 815 ca

133 263 138 271 -
164 225 201 282 96
430 241 469 280 us
493 240 599 280 oasrrs
621 241 803 282 susxsrruur.

198 353 239 400 58.
258 349 359 404 Rariorl
376 348 450 400 acies
469 357 524 400 erat
543 349 569 400 in
591 349 666 401 laerc
685 365 765 402 corno
785 349 932 416 Persarum,
954 362 1073 416 namque
1116 378 1118 381 -

163 419 224 470 inde
248 417 377 470 Bactriani
405 417 582 470 discesserant
607 417 640 470 ad
667 416 840 486 opprimenda
868 415 1071 484 impedimenta.

162 487 255 554 Itaque
279 484 430 539 Alexander
453 485 554 539 laxatos
577 488 682 538 ordines
707 485 815 553 invadit,
836 494 862 537 et
881 485 966 537 multa
985 485 1071 536 caede

162 555 277 608 hostium
300 553 439 608 invehitur.
475 557 510 608 At
533 557 578 624 qui
601 557 626 608 in
649 555 740 608 dextro
764 571 844 612 cornu
868 562 940 606 erant
964 553 1070 622 Persae,

162 641 208 693 spe
222 641 297 692 posse
311 641 373 677 cum
385 624 492 694 includi,
505 642 601 692 agmen
614 642 693 678 suum
704 641 720 676 a
733 635 804 690 tergo
822 623 974 676 dimicantis
990 639 1071 691 oppc

161 701 242 746 nunt:
272 693 418 762 ingensque
438 693 592 814 periculum
615 694 642 744 in
666 693 752 744 rrredic
776 691 889 744 haerere
911 691 1017 760 adisset,
1042 693 1070 743 ni

448 762 553 814 caribus
565 762 677 814 subditis
694 760 868 814 circumfusos
880 762 934 828 regi
946 760 1071 813 barbaros

160 831 244 882 adorti
257 841 353 900 essent,
366 847 527 900 aversosque
546 831 682 884 caedendo
701 831 727 883 in
746 846 774 882 se
791 829 894 882 obverti
912 829 1069 897 coegissent.

161 899 278 953 Turbata
301 909 357 953 erat
380 909 436 953 utra
457 915 490 951 ue
513 899 593 952 acies.
629 899 781 952 Alexander
804 908 830 950 et
854 914 871 950 a
893 897 982 950 fronte·
1001 909 1028 950 et
1053 915 1070 949 a

161 980 232 1038 tergo
251 971 354 1023 hostem
372 918 504 1022 habebat:
522 969 568 1037 qui
584 986 678 1021 averso
698 969 723 1020 ei
740 967 891 1035 instabant,a
901 968 936 1020 ab
948 967 1072 1035 Agrianis

161 1039 296 1108 equitibus
313 1037 515 1107 premebantur:
535 1047 562 1090 et
580 1037 718 1106 Bactriani,
736 1036 934 1106 impedimentis
952 1035 1069 1090 hostium
1093 1063 1098 1067 ·

160 1107 275 1177 direptis,
290 1107 395 1176 reversi,
408 1105 514 1159 ordines
531 1124 592 1160 suos
610 1122 765 1176 recuperare
778 1122 828 1158 non
840 1115 976 1176 poterant:
995 1105 1070 1174 plura

159 1177 239 1229 simul
258 1179 369 1244 abrupta
387 1192 404 1228 a
423 1176 518 1228 ceteris
541 1177 657 1244 agmina,
677 1175 830 1243 ubicunque
849 1174 934 1227 alium
953 1174 999 1226 alii
1017 1174 1070 1226 sors

160 1245 311 1314 miscuerat,
328 1244 498 1299 dimicabant.
535 1246 593 1298 Duo
613 1262 688 1314 reges
705 1244 802 1314 Junctis
821 1260 901 1314 prope
919 1243 1071 1310 agminibus

160 1315 280 1383 proelum
299 1313 484 1368 accenderant.
522 1314 613 1366 Plurc's
634 1313 730 1366 Persae
751 1313 898 1366 cadebant:
918 1311 1070 1382 parserme

161 1385 290 1452 utrimque
313 1399 440 1436 numerus
459 1383 661 1436 vulnerabatur:
686 1399 763 1436 curru
787 1383 895 1451 Dareus,
917 1381 1065 1434 Alexander

160 1469 228 1522 equo
257 1452 418 1505 vehebatur:
447 1461 589 1520 utrumque
615 1451 713 1504 delecti
737 1451 885 1519 tuebantur,
910 1451 952 1503 sui
975 1451 1069 1503 imme-

160 1538 254 1590 mores,
291 1521 395 1591 Quippe
418 1521 515 1574 amisso
540 1537 600 1589 rege
624 1537 674 1574 nec
698 1519 823 1575 volebant
842 1520 909 1572 salri
930 1537 997 1589 esse,
1019 1535 1068 1572 nec

159 1599 286 1659 poterant.
323 1594 393 1643 Ante
405 1589 495 1642 oculos
508 1590 549 1642 soi
561 1590 673 1658 quisque
685 1592 753 1658 regis
771 1597 881 1642 mortem
900 1589 1070 1642 occumbere⁴

160 1659 272 1712 ducebat
297 1658 444 1728 egregium.
488 1659 642 1712 Maximum
666 1667 755 1712 tamen
780 1659 926 1728 periculum
950 1658 1066 1726 adibant,

160 1745 225 1798 quos
250 1729 366 1780 maxime
390 1727 555 1797 tuebantur,⁶
578 1728 674 1798 quippe
698 1727 748 1780 sibi
771 1727 882 1798 quisque
906 1727 978 1780 caesi
1001 1727 1070 1795 regis

160 1798 302 1866 expetebat
314 1797 405 1849 decus.
548 1845 549 1852 ,
653 1833 654 1836 ,

195 1872 238 1918 59.
256 1868 388 1936 Ceterum,
408 1865 464 1918 sive
482 1864 625 1918 ludibrium
644 1865 789 1934 oculorum,
805 1863 862 1918 siue
881 1881 976 1918 veras
1002 1865 1069 1917 'cies

162 1935 231 1988 luit⁶
254 1937 300 2006 qui
322 1935 394 1989 circa
417 1933 598 1989 Alexandrum
622 1943 703 2004 erant,
727 1934 826 1987 vidisse
848 1951 878 1986 se
901 1933 974 1987 credi
993 1943 1069 1987 erunt

160 1975 297 2073 paululum
315 2021 395 2076 super
412 2012 492 2074 caput
510 2003 580 2072 regis
597 2003 702 2074 placide
720 2003 851 2056 volantem
870 2003 996 2073 aquilam,
1015 2017 1067 2055 nort

160 2091 223 2125 sono
246 2090 379 2126 armorum
412 2089 463 2124 non
486 2073 587 2140 gemitu
613 2073 782 2125 morientium
806 2073 939 2124 territam:
969 2072 1067 2140 diuque

160 2143 231 2193 circa
243 2158 343 2210 equum
355 2144 379 2193 A
390 2140 499 2192 exandri
516 2141 643 2210 pendenti
661 2143 755 2208 magis,
768 2157 848 2211 quam
862 2139 959 2194 volanti
973 2141 1069 2194 similis

160 2211 288 2278 apparuit.
336 2210 413 2263 Certe
437 2217 512 2262 rates
534 2209 696 2277 Aristander,
721 2209 782 2262 alba
805 2219 880 2263 veste
903 2211 1015 2279 indutus,
1040 2219 1068 2262 et

160 2279 252 2334 dextra
275 2278 428 2348 praeferens
451 2277 577 2345 lauream,
595 2278 732 2332 militibus
762 2280 789 2332 iu
818 2296 934 2348 pugnam
960 2279 1067 2332 intentis

160 2363 238 2401 avem
250 2345 419 2414 monstrabat,
433 2345 503 2398 haud
516 2345 628 2400 dubium
640 2348 764 2400 victoriae
779 2349 935 2419 auspicium.
972 2349 1068 2416 Ingens

160 2433 221 2484 ergo
233 2415 354 2470 alacritas
370 2425 396 2468 et
414 2414 510 2471 fiducia
522 2414 600 2484 paulo
617 2425 678 2469 ante
696 2417 799 2470 territos
811 2417 934 2470 accendit
950 2417 985 2470 ad
1001 2433 1065 2540 pug-

160 2502 230 2556 nam,
243 2486 336 2554 utique
354 2493 493 2554 postquam
512 2483 604 2552 atrriga¹
620 2485 706 2556 Darei,
723 2485 768 2554 qui
786 2495 847 2538 ante
866 2487 954 2554 ipsum
971 2503 1000 2538 se
1019 2502 1068 2539 ens

189 2603 196 2624 ¹
210 2602 215 2622 ⁴
225 2597 317 2645 Rather
327 2596 398 2650 thim’
414 2602 420 2623 ⁴
430 2596 527 2644 wacker
537 2595 596 2644 than
607 2597 631 2644 in
641 2597 710 2645 other
720 2599 803 2656 parts!

187 2661 197 2686 ²
208 2656 274 2704 th
283 2661 332 2712 (see
341 2656 409 2714 chap.
419 2659 456 2708 50)
465 2655 512 2702 had
521 2657 582 2702 been
591 2656 710 2704 stationed
720 2657 814 2716 beyond
823 2655 863 2704 the
871 2657 957 2716 wiugs‚
966 2657 991 2705 in
998 2657 1067 2706 order

159 2725 299 2773 represent
315 2714 356 2762 the
372 2729 459 2774 enemy
474 2712 535 2762 from
550 2715 691 2766 surroundin
725 2714 765 2763 the
782 2714 963 2764 Macedonicus.
993 2715 1066 2776 They

159 2789 223 2822 were
234 2773 407 2833 consequently
418 2788 472 2821 now
484 2772 556 2832 doing
564 2773 615 2832 just
627 2773 692 2822 what
721 2773 751 2821 ad
760 2775 823 2822 been
834 2775 955 2822 intended.

188 2835 197 2861 ⁵
209 2838 214 2858 ¹
226 2831 308 2880 These
320 2831 375 2880 who
386 2847 450 2880 were
461 2832 557 2892 coming
568 2832 661 2892 against
672 2831 722 2880 him
733 2831 757 2879 in
767 2832 808 2880 the
820 2847 873 2882 rear
881 2833 897 2892 ς’
910 2831 1022 2893 literally,
1035 2848 1066 2882 ou

158 2888 199 2938 the
210 2889 261 2938 side
272 2891 333 2938 from
343 2890 422 2938 which
434 2891 471 2938 bis
482 2891 533 2938 lace
545 2906 595 2938 was
607 2891 693 2938 turned
703 2906 779 2957 away.

189 2954 198 2976 ⁴
208 2947 310 2996 Mortem
320 2949 340 2996 is
352 2949 423 2996 much
431 2963 496 2996 more
505 2956 617 2998 common
626 2949 683 2996 than
691 2952 760 2998 morti
767 2965 793 2998 or
801 2958 873 2997 nurse
881 2949 906 2998 in
913 2949 962 2998 this
970 2949 1064 3010 phrase.

160 3006 420 3133 Sep,qu1}qrppp‚(tih{qli,s,
433 3067 474 3114 the
486 3065 566 3126 kings)
578 3065 633 3112 who
644 3081 707 3114 were
723 3075 791 3122 most¹
802 3065 926 3127 aealously
935 3065 1062 3122 defended,

160 3139 209 3178 ran,
222 3124 444 3184 uotwtthstandmg,
457 3125 498 3172 the
509 3133 615 3184 greatest
627 3123 734 3184 danger,’
748 3125 850 3172 because
862 3125 920 3185 they
928 3140 992 3172 were
1001 3136 1064 3173 most

158 3182 1065 3300 ttttttttttttttllttlttttttlt‘ttttttttttttttttttl‘

159 3299 245 3347 Belbre
254 3315 321 3404 qqrcs,
332 3300 352 3346 ii
358 3309 422 3368 must
431 3300 461 3346 he
470 3256 601 3368 suppliedl,
611 3300 658 3347 See
666 3301 764 3370 Zumpt,
774 3301 787 3350 b
799 3304 850 3349 765.
876 3258 1064 3362 Regardinglllic

159 3375 201 3405 use
213 3357 240 3406 of
252 3367 260 3404 t
279 3373 292 3404 e
299 3355 426 3462 partrcrple
437 3357 526 3415 perfect
535 3373 632 3425 passive
643 3376 713 3426 mear,
725 3375 766 3406 see
780 3359 858 3406 Grcm.
870 3359 884 3410 i
895 3363 947 3415 404,
961 3370 1016 3408 nete
1028 3363 1049 3408 3.

186 3423 195 3447 ⁸
209 3417 297 3464 ‘Whet
316 3431 342 3464 er
352 3423 370 3462 1t
382 3431 432 3463 was
440 3431 456 3485 a
465 3415 573 3485 delusmn
584 3431 611 3464 or
621 3416 745 3475 deccpncn
762 3417 790 3464 cf
799 3417 845 3485 'thel
858 3433 925 3476 eyes,
937 3434 965 3465 or
980 3434 1010 3466 sn
1025 3433 1063 3468 cc·

158 3475 209 3522 tual
219 3473 382 3534 appearance?
414 3473 558 3530 Siue-swa
571 3474 667 3536 usually
678 3475 734 3522 take
746 3475 786 3523 the
797 3475 925 3524 indicative
936 3475 1015 3526 moed.
