2314 3886
484 249 576 290 urana
596 251 660 290 rur.
725 283 727 290 ,
961 237 1020 294 8⁶⁸

108 359 214 414 nuntios
232 357 339 412 daretur
356 357 432 412 fides.
468 359 568 426 Corpus
587 375 666 412 suum
685 367 713 412 et
733 375 842 426 regnum
864 358 1021 429 permittere

109 429 156 498 illi,
166 445 249 498 quern
261 430 338 481 sciret
350 428 458 497 gloriae¹
470 428 638 496 militantem,
648 427 716 481 nihil
727 429 814 496 magis
825 447 907 498 quam
919 428 1021 484 lamam

77 499 82 514 “
109 500 205 552 timere
217 499 354 566 perfidiae.

144 572 185 620 43.
201 567 299 620 Laetus
311 566 480 636 simplicitate
497 566 602 620 barbari
620 582 668 618 rex
685 574 712 618 et
729 565 866 620 dexteram
880 567 943 620 fidei
957 584 1022 622 suae

9 687 17 722 Γ
110 636 208 706 pignus
226 637 308 690 dedit.
322 646 348 688 et
362 653 473 704 regnum
486 636 606 688 restituit.
643 635 701 688 LVI
714 635 849 704 elephanti
862 647 942 706 erant,
956 655 1022 706 quos

110 705 218 758 tradidit
237 693 395 772 Alexandro,
416 705 552 774 multaque
571 721 666 776 pecma
681 705 799 758 eximiae
825 707 1020 776 magnitudinis,

111 784 199 828 tauros
218 775 251 827 ad
273 775 313 828 lll
334 774 415 842 milia,
437 775 580 843 pretiosum
602 775 628 827 in
647 791 681 826 ea
700 775 805 842 regione
828 785 1022 844 acceptumque

110 845 209 898 animis
227 844 393 912 regnantium
411 854 569 897 armentum.
606 844 748 902 Quaerenti
761 843 919 911 Alexandro,
934 845 1023 914 plures

111 913 285 980 agricultores
297 914 406 966 haberet
417 931 453 965 an
465 913 584 967 militesl
603 930 666 966 cum
677 913 781 967 duobus
794 914 901 982 regibus
914 914 1022 968 bellanti

9 1023 16 1059 ,
111 982 283 1052 sibi'majore
303 983 418 1035 militurn
438 999 519 1051 quarn
540 985 683 1051 agrestium
707 1000 787 1036 manu
811 1001 878 1052 opus
902 1000 962 1036 esse
983 999 1022 1036 re·

9 1064 16 1074 ’
111 1052 224 1121 spondit.
261 1051 388 1106 Abisares
410 1060 438 1104 et
461 1051 543 1104 Porus
566 1060 648 1120 erant,
674 1051 722 1104 sed
746 1053 773 1105 in
797 1053 864 1106 Poro
887 1052 1022 1106 eminebat

105 1122 261 1174 auctoritas.
298 1122 416 1190 Uterque
438 1121 505 1174 ultra
529 1121 673 1191 Hydaspen
695 1139 805 1176 amnem
829 1123 975 1190 regnabat,2
996 1131 1023 1174 et

111 1189 176 1243 belli
197 1191 337 1258 fortunam,
358 1191 479 1260 quisquis
498 1207 573 1244 anna
592 1191 712 1271 inferret,¹
727 1192 838 1261 experiri
858 1191 1022 1244 decreverat.

9 1251 15 1286 “
111 1259 230 1330 Omphis,
250 1261 420 1330 permittente
437 1259 594 1329 Alexandro,
614 1269 641 1314 et
660 1277 763 1328 regrum
780 1261 883 1330 insigne
901 1261 1021 1331 sumpsit,

112 1338 140 1382 et
155 1345 229 1382 more
244 1331 332 1398 gentis
349 1346 413 1382 suae
431 1347 536 1398 nomeu,
549 1329 617 1398 quod
631 1331 713 1399 patris
724 1329 818 1384 fuerat.
855 1331 965 1384 Taxilen
977 1347 1022 1402 ap-

9 1391 15 1442 l
112 1398 247 1468 pellavere
266 1399 413 1468 populares,
433 1409 562 1468 sequente
585 1400 691 1452 nornine
715 1400 864 1468 imperinm,
885 1402 911 1453 in
929 1415 1022 1468 quern·

112 1485 218 1538 cunque
248 1469 391 1521 transiret.l
435 1469 518 1536 Igitur
545 1485 607 1522 curn
637 1486 685 1538 per
713 1469 829 1522 triduum
859 1470 1023 1538 hospitaliter

113 1537 295 1592 Alexandrum
325 1538 480 1605 accepisset,
504 1547 597 1608 quarto
621 1539 664 1590 die
688 1546 716 1591 et
738 1547 866 1606 quantum
895 1539 1023 1594 trementi

9 1603 13 1636 ⁵
112 1607 196 1677 copiis
227 1623 295 1676 quas
324 1607 506 1676 Hephaestion
534 1607 663 1686 duxerat,
673 1606 822 1686 praebitum
846 1625 862 1660 a
887 1626 916 1660 se
942 1617 1022 1678 esset,

111 1647 235 1744 ostendit,
254 1685 281 1729 et
299 1693 395 1730 aureas
413 1693 522 1728 coronas
540 1677 591 1744 ipsi
609 1691 757 1746 amicisque
775 1677 905 1746 omuibus,
920 1688 1023 1747 praeter

9 1769 14 1822 j
111 1745 180 1800 haec
198 1746 293 1824 signati
312 1746 414 1813 argenti
432 1746 524 1798 LXXX
542 1746 640 1798 talenta
657 1746 725 1798 dorio
743 1744 826 1824 dedit.
862 1746 920 1804 Qua
934 1746 1022 1816 benig·

9 1823 13 1848 ³
111 1816 195 1869 nitate
207 1832 267 1884 eJus
279 1815 431 1867 Alexander
442 1815 509 1867 inire
525 1813 619 1882 laetus,
633 1823 741 1884 atquae
754 1831 777 1868 rs
789 1813 899 1868 dederat
912 1815 1021 1884 remisit,

112 1892 140 1936 et
153 1883 226 1938 mille
244 1883 343 1936 talenta
362 1900 396 1938 ex
412 1883 520 1952 praeda,
533 1899 616 1952 quani
628 1883 751 1951 vehebat,
764 1883 872 1953 adjecit,
884 1885 1023 1954 multaque

110 1953 259 2006 convivalia
271 1969 305 2005 ex
317 1968 379 2006 auro
392 1962 418 2003 et
430 1961 538 2020 argento
551 1969 622 2020 rasa,
637 1953 781 2022 plurimum
795 1954 916 2006 Persicae
930 1955 1019 2023 vestis,

111 2022 182 2074 XXX
194 2039 277 2091 equos
289 2037 323 2073 ex
335 2021 397 2088 suls,
411 2035 473 2074 curn
486 2021 581 2075 iisdem
595 2023 747 2092 insignibus,
761 2023 821 2092 quis
832 2026 1024 2093 assueverant,⁴

111 2105 173 2144 cum
194 2090 281 2160 ipsum
301 2089 437 2143 veherent.
473 2090 547 2149 Quae
567 2091 711 2146 liberalitas
729 2093 796 2146 sicut
817 2091 957 2146 barbarum
978 2093 1023 2148 ob

111 2159 259 2226 strinxerat,
279 2161 315 2212 ita
332 2160 433 2212 amicos
448 2161 531 2229 ipsius
545 2161 720 2216 vehementer
736 2161 856 2216 offendit.
893 2163 1024 2232 Equitius

10 2233 11 2264 ³
111 2228 257 2295 Meleager,
272 2247 350 2298 super
362 2246 473 2283 coenatu
486 2229 597 2298 largiore
610 2232 671 2284 vino
681 2249 753 2299 nsua,
766 2231 890 2300 gratulari
902 2250 931 2286 se
943 2231 1023 2288 ulex·

10 2329 11 2332 =
110 2297 192 2351 andro
205 2298 280 2367 dixit,
294 2299 363 2368 quod
376 2299 473 2352 saltem
490 2300 518 2352 in
537 2301 612 2354 lndia
624 2301 782 2370 repperisset
794 2301 902 2369 dignum
917 2303 1024 2356 talentis

112 2367 193 2422 mille.
230 2370 294 2438 Rex,
309 2369 378 2421 haud
395 2368 494 2422 oblitus
510 2387 592 2440 quam
609 2387 690 2438 aegre
708 2371 818 2436 tulisset,
834 2371 903 2440 quod
921 2371 1022 2426 Clitum

110 2437 145 2491 ob
163 2437 269 2506 liuguae
288 2439 480 2491 termeritatem
496 2439 645 2509 occidisset,
661 2441 726 2493 iram
745 2440 855 2509 quidem
867 2442 960 2510 tenuit,
974 2441 1023 2494 sed

110 2507 185 2574 dixit,
194 2508 298 2562 invidos
306 2507 428 2560 homines
436 2507 503 2560 nibil
511 2507 679 2577 aliud-quam
690 2511 805 2578 ipsorum
816 2525 874 2562 esse
883 2518 1022 2562 tormenta.

145 2583 187 2630 44.
207 2579 314 2631 Postero
337 2577 380 2629 die
404 2575 486 2644 legati
509 2577 637 2630 Abisarae
666 2579 756 2631 adiere
786 2595 885 2645 regem.
927 2579 1023 2632 Omnis

110 2647 207 2700 dicioni
224 2647 290 2716 ejus,
304 2647 340 2699 ita
353 2654 381 2698 ut
394 2645 550 2702 mandatum
565 2656 628 2714 erat,
642 2645 846 2717 permittebant,
865 2647 1023 2728 firmataque

112 2717 225 2770 invicem
238 2717 299 2783 fide,
314 2716 481 2768 remittuntur
491 2714 526 2766 ad
539 2731 639 2783 regem.
675 2716 771 2768 Porum
787 2731 892 2795 quoque
910 2717 1025 2769 nominis

111 2785 152 2837 sui
171 2787 243 2839 lama
262 2795 334 2838 ratus
351 2783 385 2837 ad
403 2783 566 2837 deditionem
582 2801 660 2854 posse
671 2784 803 2854 compelli,
817 2785 889 2837 nrrsit
907 2785 941 2838 ad
959 2803 1022 2840 eum

112 2853 280 2923 Cleocharen,
297 2855 343 2926 qui
362 2854 530 2906 denuntiaret
542 2853 574 2923 ei,
589 2861 617 2906 ut
630 2853 791 2924 stipendium
807 2852 943 2978 penderet,
956 2864 983 2909 et
996 2856 1023 2910 in

112 2926 196 2992 primo
214 2941 321 2978 suorum
338 2924 432 2978 finium
449 2922 523 2976 aditu
541 2932 690 2976 occurreret
708 2923 771 2998 regi.
829 2940 889 2976 orus
908 2924 1022 2980 alterum

142 3078 149 3098 ¹
163 3069 218 3118 ‘To
228 3072 258 3118 lie
270 3087 373 3177 ναπιηέ
385 3072 420 3119 lor
431 3072 516 3132 glory!

140 3130 286 3185 ’Abisarea
305 3131 329 3177 in
345 3141 354 3178 t
372 3145 386 3178 e
402 3131 481 3187 north,
499 3130 604 3179 towards
619 3131 661 3180 the
677 3147 752 3192 appar
767 3141 819 3192 part
835 3132 863 3181 of
880 3133 921 3182 the
942 3134 1020 3192 river3

105 3189 191 3238 ‘Porus
203 3188 294 3238 lurther
304 3189 384 3237 south.

142 3247 262 3296 'Taxilae
284 3245 334 3295 was
354 3247 473 3296 therefore
492 3263 507 3296 a
524 3248 577 3296 title
595 3248 627 3296 ol
641 3250 741 3307 honour,
762 3252 876 3302 assumed
896 3254 929 3312 by
947 3266 1021 3311 every

113 3307 226 3356 monarch
240 3307 310 3360 when
328 3307 357 3354 he
374 3306 508 3356 succeeded
524 3317 549 3354 to
565 3307 605 3356 tlre
621 3307 715 3358 throne.
746 3311 785 3359 As
802 3321 827 3360 to
843 3313 964 3365 transiret.
977 3325 1020 3360 see

115 3367 194 3414 Grom.
207 3366 220 3417 i
232 3371 284 3423 3⁵5,
297 3378 353 3413 note
364 3369 385 3413 3.
418 3364 473 3413 The
484 3366 571 3425 capital
582 3366 610 3415 of
616 3367 665 3415 this
677 3367 759 3428 king’s
770 3380 871 3429 country
882 3385 932 3417 was
943 3368 1020 3420 called
1062 3408 1065 3417 .

113 3425 210 3478 Texila.
223 3425 269 3474 and
281 3441 331 3473 was
342 3423 447 3473 situated
457 3426 570 3474 between
579 3426 621 3474 tho
632 3425 708 3477 ludus
718 3427 766 3476 and
776 3429 818 3478 the
828 3427 965 3488 Hydaspes.

141 3490 150 3514 ⁴
163 3485 269 3534 ‘Which
280 3485 338 3545 they
349 3481 444 3544 usually
455 3483 518 3534 hed!
