2264 3880
461 273 552 318 creas
569 277 602 318 x.
933 263 987 319 321

84 398 113 438 se
128 383 239 456 jussisse
257 383 404 455 respondit:
430 393 550 440 ceterum
568 402 621 440 non
640 385 739 441 debere
759 385 914 442 tumultuari
933 403 987 460 eos,

84 454 239 507 Perdiccam
251 454 322 507 enim
335 455 433 510 vivere.

118 527 160 575 26.
179 525 261 592 Igitur
283 525 403 578 contione
427 524 539 578 dimissa
561 524 707 596 Meleager,
729 525 848 594 equitum
865 527 989 581 maxime

83 591 233 645 defectione
257 594 415 665 perterritus,
440 595 567 664 inopsque
590 594 693 647 consilii
717 595 825 667 (quippe
851 595 877 648 in
901 597 988 666 ipsum

81 661 232 730 periculum
255 661 391 732 reciderat,
416 663 486 732 quod
511 663 618 716 inimico
641 663 719 734 paulo
738 673 800 716 ante
816 665 987 736 intenderat),

82 729 200 784 triduum
217 731 274 784 iere
292 733 454 804 consumpsit
471 733 572 784 incerta
583 733 692 788 consilia
703 733 841 787 volvendo.
878 733 911 787 Et
924 736 989 804 pris-

83 799 137 851 tina
150 799 258 870 quidem
271 801 358 868 regiae
371 803 474 871 species
485 802 627 856 manebat:
647 821 710 856 nam
728 811 756 856 et
772 802 853 872 legati
868 804 989 871 gentiam

82 885 173 936 regem
194 869 309 940 adibant,
329 877 356 923 et
380 871 515 944 copiarum
538 871 623 926 duces
640 873 758 944 aderant,
780 881 807 925 et
826 873 988 929 vestibulum

82 939 211 992 satellites
233 939 382 1009 armatique
404 940 611 1010 compleverant.
648 942 700 996 Sed
718 943 812 1012 ingens
830 951 990 1022 suaspcute
1080 984 1083 992 .

81 1009 214 1061 maestitia
234 1008 343 1062 ultimae
364 1009 557 1080 desperationis
576 1009 656 1068 index
676 1020 739 1081 erat,
758 1013 930 1082 suspectique
951 1029 988 1064 rn-

82 1075 171 1130 vioem
194 1095 245 1130 non
268 1079 342 1130 adire
366 1081 479 1149 propius,
500 1095 552 1131 non
575 1079 689 1150 colloqui
708 1081 850 1150 audebant,
872 1089 989 1134 secretas

81 1146 254 1214 cogitationes
277 1147 346 1200 intra
366 1165 394 1200 se
414 1165 519 1218 quoque
539 1149 669 1220 volvente,
691 1159 718 1204 et
738 1167 772 1204 ex
793 1150 989 1220 comparatione

81 1217 151 1284 regis
174 1217 234 1269 novi
258 1216 424 1270 desiderium
445 1217 609 1272 excitabatur
632 1219 732 1273 amissi.
767 1219 820 1274 Ubi
843 1221 887 1273 ille
907 1227 988 1290 esset,

80 1285 159 1354 cujus
177 1285 326 1355 imperium,
343 1287 419 1366 cujus
437 1286 596 1356 auspioinm¹
614 1289 699 1342 secuti
716 1297 797 1358 erant,
811 1289 987 1358 requirebant.

81 1354 227 1407 Destitutos
245 1371 274 1407 se
293 1357 360 1408 inter
378 1355 487 1410 infestas
504 1356 698 1428 indomitasque
709 1367 811 1429 gentes,
825 1359 988 1428 expetituras

81 1432 119 1475 tot
138 1439 244 1478 suarum
263 1424 377 1478 cladium
398 1441 503 1494 poenas,
522 1426 679 1495 quandooun
699 1444 733 1481 ue
750 1428 838 1481 oblata
856 1438 927 1481 esset
944 1445 988 1482 oo-

81 1493 161 1544 oasic.
198 1495 246 1546 His
263 1494 465 1564 cogitationibus
483 1495 585 1548 animos
609 1496 693 1550 exede
714 1499 779 1566 ant,²
802 1515 865 1550 oum
887 1515 987 1550 annuu-

81 1562 167 1631 tiatur,
181 1562 292 1633 equites,
305 1565 351 1634 qui
363 1564 414 1616 sub
426 1563 551 1617 Perdicca
563 1574 660 1634 essent,
673 1567 809 1634 occupatis
820 1569 890 1619 eirca
901 1567 988 1636 Baby-

80 1631 141 1683 lona
153 1633 261 1703 oampis,
272 1633 443 1712 frumentum,
453 1634 523 1703 quod
536 1634 561 1686 in
571 1635 666 1688 urbem
674 1633 827 1706 vehebatur,
838 1635 987 1688 retinuisse.

80 1701 173 1770 ltaque
191 1703 277 1772 inopia
294 1704 417 1772 primum,
434 1701 531 1754 deinde
549 1702 636 1756 fames
652 1720 713 1764 esse
731 1705 833 1774 coepit3
852 1705 942 1773 etqui
960 1705 987 1758 in

80 1770 145 1824 urbe
163 1782 238 1825 erant
255 1780 300 1825 aut
318 1770 540 1824 reconciliandam
559 1789 623 1826 oum
642 1772 769 1826 Perdicca
787 1773 920 1843 gratiam,a
938 1782 987 1828 aot

79 1841 162 1892 armis
173 1840 330 1894 certandum
342 1855 401 1892 esse
414 1839 566 1893 censebant.
602 1841 680 1894 Forte
699 1843 736 1895 ita
747 1842 888 1911 acciderat,
901 1851 929 1895 ut
941 1844 987 1913 qui

80 1909 106 1961 in
121 1909 192 1977 agris
207 1917 290 1979 erant,
302 1909 499 1979 populationem
512 1910 634 1963 villamm
647 1911 817 1981 vicorumque
830 1912 912 1982 veriti,
926 1929 987 1966 oon·

80 1976 204 2044 fugerent
221 1979 247 2031 in
265 1979 367 2048 urbem,
381 1978 512 2048 oppidani,
526 1997 587 2032 cum
603 1980 684 2050 ipsos⁴
694 1979 821 2034 alimenta
833 1980 985 2051 deficerent,

79 2046 146 2120 urbe
159 2047 328 2168 epcederent,
340 2056 368 2100 et
384 2049 487 2117 utrique
503 2049 595 2118 generi
612 2050 692 2103 tutior
706 2049 795 2104 aliena
806 2049 892 2120 sedes,
905 2067 986 2120 quam

79 2133 128 2168 sua
150 2134 175 2168 vr
197 2125 291 2170 eretur.
706 2161 710 2168 ·

115 2157 157 2240 2'7.
177 2186 296 2244 Quorum
313 2188 551 2240 consternationem
570 2186 734 2242 Macedones
745 2189 831 2258 veriti,
845 2189 871 2243 in
885 2188 984 2258 regiam

78 2260 183 2327 coeunt,
191 2258 314 2326 quaeque
327 2256 444 2326 ipsorum
457 2257 588 2310 sententia
600 2266 678 2322 esset,
689 2267 831 2328 exponunt.
860 2258 987 2312 Placebat

79 2335 169 2380 autem
182 2326 283 2396 legatos
293 2325 327 2379 ad
340 2327 443 2395 equites
454 2327 522 2379 mitti
535 2327 569 2378 de
582 2326 696 2380 finienda
708 2327 841 2381 discordia
852 2328 986 2397 armisque

113 2397 216 2448 nendis.
235 2457 236 2461 Ἰ
252 2397 334 2464 Igitur
346 2411 362 2447 a
374 2412 435 2464 rege
448 2396 550 2464 legatur
565 2397 647 2450 Pasas
659 2397 811 2468 Thessalus,
824 2405 851 2450 et
863 2397 987 2453 Amissus

78 2411 325 2536 bdegalopolitanus,
339 2473 365 2518 et
378 2465 510 2518 Perilaus:
530 2467 576 2535 qui
593 2483 656 2519 cum
668 2467 794 2520 mandata
806 2467 875 2536 regis
886 2467 986 2519 edidis-

79 2545 146 2604 sent,
158 2551 209 2589 non
222 2535 298 2602 aliter
309 2535 438 2604 posituros
449 2551 524 2590 arma
536 2536 648 2604 equites,
657 2552 738 2604 quarn
748 2536 770 2588 ei
782 2553 827 2588 rex
837 2535 986 2588 discordiae

78 2614 199 2657 auctores
218 2603 373 2672 dedidisset,
393 2603 476 2655 tulere
496 2618 660 2674 responsum.
696 2605 743 2656 His
762 2605 916 2658 renuntiatis
937 2621 986 2660 sua

80 2682 173 2743 sponte
186 2690 260 2727 arma
272 2672 371 2726 milites
383 2673 510 2740 capiunt.⁵
545 2672 661 2730 Quorum
679 2672 794 2727 tumultu
807 2673 909 2741 e'regia
927 2673 986 2727 Phi-

78 2741 164 2813 lippus
176 2743 287 2812 excitus,
300 2741 380 2806 Nihil,
394 2742 487 2811 inquit,
501 2741 630 2794 seditione
642 2749 682 2794 est
695 2758 710 2793 o
729 2759 769 2795 us.
793 2743 864 2796 Nam
876 2743 944 2795 inter
956 2759 986 2796 se

78 2813 236 2866 certantium
254 2811 372 2883 praemia
389 2811 434 2880 qui
452 2811 599 2880 quieverint
616 2759 792 2880 occupabunt.
828 2809 911 2864 Simul
929 2828 984 2865 me·

108 2960 116 2982 ²
128 2959 134 2981 ⁴
144 2954 280 3004 Command
287 2955 334 3003 and
343 2955 477 3016 guidunce!
496 2954 635 3016 According
645 2964 671 3003 to
683 2954 778 3002 Roman
788 2954 893 3012 notions,
902 2957 985 3017 caepi-

78 3015 139 3062 ciam
149 3014 170 3062 is
180 3014 222 3062 the
233 3015 296 3074 right
308 3025 334 3062 to
344 3013 439 3062 consult
451 3013 492 3061 the
503 3014 610 3082 gods-by
620 3029 758 3074 augury-a
767 3013 831 3074 right
843 3015 923 3063 wbiolr
935 3029 986 3063 was

78 3071 203 3127 conferred
213 3088 278 3131 upon
288 3074 330 3121 the
341 3072 614 3123 commender-rn-ohref
626 3075 658 3133 by
670 3072 711 3120 the
722 3081 794 3121 state.

106 3141 216 3248 '‘Thep
226 3142 358 3190 oonsumed
373 3141 436 3190 their
451 3142 543 3200 souis3’
555 3157 569 3190 a
583 3140 632 3190 fine
647 3141 788 3202 expression
803 3141 839 3190 lor
852 3141 926 3202 ‘they
935 3149 984 3191 tor·

78 3201 197 3250 mentedt
216 3200 353 3249 emselves.’

107 3272 286 3343 ’Remedium
295 3275 409 3380 proriam,
421 3278 465 3359 “to
480 3281 575 3380 restore}
588 3255 691 3355 friendly
704 3272 836 3323 relations!
869 3271 918 3320 We
933 3270 986 3322 also

78 3331 664 3500 fiidff'fffifflmwssgwwmnme'¹¹⁰³'
754 3449 760 3461 ι
902 3449 908 3460 ι

107 3457 115 3484 ⁸
153 3449 242 3512 amely.
254 3465 280 3499 rn
290 3449 360 3500 order
370 3457 396 3500 to
406 3450 488 3500 marah
499 3459 541 3501 out
552 3449 599 3501 and
610 3449 693 3501 ettaclr
701 3449 745 3502 the
753 3448 857 3499 insolent
866 3448 974 3514 knights.
