2314 3886
150 231 204 286 192
414 249 452 286 arr
476 248 580 288 ousrrs
602 249 786 288 aaaxnuuru.
868 224 873 244 '

147 356 229 406 dones
241 355 379 426 Ariosque.
415 356 563 424 Transfuga
581 358 763 410 Satibarzanes
781 355 897 408 barbaris
914 366 1060 425 praeerat:

147 424 193 492 qui
217 440 276 496 curn
302 442 416 494 pugnarn
442 443 551 494 segnem
578 427 711 494 utrimque
738 426 831 494 aequis
855 425 953 478 viribus
984 435 1061 481 stare

147 493 263 560 vidisset,
278 493 302 545 in
316 497 413 562 primos
430 494 534 547 ordines
552 495 723 564 adequitavit,
737 494 898 564 demptaque
916 495 1004 564 galea,
1018 496 1060 549 in·

146 561 236 614 hibitis
258 563 302 632 qui
328 563 380 614 tela
401 564 541 633 jaciebant,
562 566 583 616 si
608 566 666 634 quis
688 564 786 615 viritim
810 563 938 614 dimicare
962 564 1057 634 vellet,

145 632 293 698 provocavit
312 631 346 684 ad
359 651 490 712 pugnam,
510 634 607 686 nudum
627 651 655 685 se
674 644 753 700 caput
771 633 797 683 iu
816 632 959 683 certamine
980 633 1058 686 habi·

146 710 241 753 turum.
276 702 335 754 Non
360 702 418 755 tulrt
442 701 568 756 ferociam
592 702 695 754 barbari
718 700 793 752 ducis
814 701 944 770 Erigyius,
964 704 1059 770 gravis

144 771 251 836 quidem
270 773 375 839 aetate,¹
399 771 446 824 sed
464 780 491 823 et
509 771 592 824 animi
610 780 636 823 et
655 771 769 838 corporis
788 771 877 822 robore
897 769 959 822 nulli
978 769 1057 840 juve-

145 857 207 892 num
231 839 423 910 postfereudus.
470 841 496 894 ls
518 840 595 909 galea
624 839 733 907 dempta
759 840 883 890 canitiem
908 849 1056 908 ostentans,

145 909 229 977 Venit,
243 910 335 978 inquit,
347 909 413 978 dies,
432 926 484 978 quo
500 919 546 962 aut
565 909 679 977 victoria,
692 917 737 960 aut
755 915 839 960 morte
857 908 1055 978 honestissima,

144 979 236 1046 quales
248 979 359 1030 amicos²
370 987 397 1030 et
415 979 512 1032 milites
524 977 674 1032 Alexander
692 977 795 1044 habeat,
809 977 955 1030 ostendam.
992 979 1056 1030 Neo

144 1047 218 1115 plura
231 1047 351 1100 elocutus
363 1065 460 1116 equum
475 1047 499 1100 iu
514 1048 616 1100 hostem
630 1048 692 1116 egit.
729 1046 867 1100 Crederes³
882 1047 1054 1116 imperatum,

144 1126 170 1168 ut
183 1118 255 1170 acies
266 1127 392 1185 utraeque
406 1117 458 1170 tela
467 1117 629 1170 cohiberent.
665 1115 786 1168 Protinus
795 1124 867 1168 certe
878 1126 1054 1186 recesserunt,

143 1184 204 1238 dato
227 1186 309 1239 libero
330 1187 422 1256 spatio,
444 1187 537 1239 intenti
558 1186 584 1240 iu
605 1193 740 1254 eventurn,
761 1202 810 1239 non
832 1184 943 1236 duorum
964 1184 1054 1254 mado,

143 1255 189 1306 sed
213 1255 296 1308 etiam
319 1272 382 1307 suae
406 1257 489 1324 sortis,
511 1255 608 1326 quippe
628 1254 743 1306 alienum
765 1253 905 1306 discrimen
926 1255 1054 1307 secutura

145 1323 213 1374 Prior
226 1323 351 1376 barbatus
363 1325 452 1377 emisit
470 1325 581 1391 hastam,
595 1341 674 1393 quarn
695 1323 817 1392 Erigyius
835 1323 939 1375 modica
956 1324 1056 1392 capitis

143 1391 317 1444 declinatione
336 1393 436 1462 vitarit,
454 1402 534 1463 atque
553 1394 610 1462 ipse
629 1393 750 1445 infestam
770 1393 900 1462 sarissam,
913 1409 981 1461 equo
998 1393 1055 1446 oal-

143 1461 248 1513 caribus
268 1462 378 1531 concito,
401 1463 426 1516 in
446 1463 533 1516 medio
553 1462 657 1516 barbari
677 1463 793 1530 gutture⁴
814 1459 848 1512 ita
868 1461 931 1530 fixit,
952 1470 981 1513 ut
1004 1479 1056 1531 par

143 1532 275 1584 cervicem
294 1531 432 1585 emineret.
469 1531 660 1600 Praecipitatus
676 1547 709 1587 ex
722 1547 790 1599 equo
808 1529 936 1583 barbarus
952 1529 1056 1584 adhuc⁵

142 1607 232 1652 tamen
257 1601 426 1670 repugnabat.
463 1599 514 1654 Sed
538 1601 582 1652 ille
606 1607 751 1653 extractam
775 1617 790 1651 a
814 1599 922 1654 vulnere
946 1599 1056 1654 hastam

143 1685 230 1722 rursus
253 1669 278 1722 in
302 1687 332 1722 os
357 1669 454 1739 dirigit.
501 1669 684 1723 Satibarzanes
707 1686 787 1722 manu
811 1669 974 1738 complexus,
998 1687 1055 1739 quo

142 1740 269 1792 maturius
290 1739 415 1809 interiret,
438 1741 519 1794 ictum
540 1739 622 1792 hostis
642 1737 752 1807 adjuvit.
789 1738 823 1790 Et
847 1738 957 1806 barbari,
979 1737 1054 1792 duce

141 1808 237 1860 amisso
258 1826 339 1878 quem
359 1809 445 1878 magis
465 1809 623 1862 necessitate
647 1825 727 1876 quam
751 1815 843 1875 sponte
863 1807 947 1860 secuti
966 1819 1055 1879 erant,

141 1885 203 1930 tuno
225 1877 293 1931 haud
315 1879 485 1932 immemores
504 1879 656 1930 meritorum
677 1876 828 1944 Alexandri,
850 1893 924 1930 arma
944 1876 1055 1946 Erigyio

141 1947 253 2000 tradunt.
290 1949 345 2002 Rex
358 1948 400 2001 his
418 1947 527 2018 quidem
546 1947 638 2014 laetus,
652 1946 686 1999 de
699 1946 831 2015 Spartanis
843 1945 1055 2016 haudquaquam

141 2033 255 2085 securus,
269 2034 366 2086 magno
379 2026 468 2070 tamen
487 2017 574 2070 auimo
594 2015 741 2070 desectum⁶
759 2032 849 2068 eorum
868 2015 935 2082 tulit,
947 2015 1054 2086 dicens,

141 2102 189 2136 non
208 2096 269 2138 ante
287 2103 365 2138 ausos
383 2086 492 2138 consilia
511 2085 618 2154 nudare,
649 2103 712 2138 uam
730 2086 815 2154 ipsum
829 2085 942 2138 adfines
959 2084 1056 2138 Indiae

141 2155 293 2221 pervenisse
317 2155 509 2222 cognovissent.
556 2156 616 2222 lpse
662 2172 752 2207 essum
776 2171 937 2223 persequens
959 2153 1057 2223 copias

141 2223 236 2274 movit:
255 2224 298 2275 oui
313 2223 435 2292 Erigyius
447 2223 551 2276 barbari
563 2232 649 2293 caput,
663 2224 783 2293 opimum
796 2223 859 2276 belli
872 2223 961 2291 decus,
976 2241 1057 2292 prae·

141 2291 229 2344 serens
240 2292 361 2344 occurrit.

175 2364 215 2411 20.
235 2361 315 2428 Igitur
333 2360 529 2414 Bactrianorum
549 2360 654 2428 regione
666 2361 799 2414 Artabazo
817 2361 920 2429 tradita,
934 2361 1058 2416 sarcinas

141 2439 166 2480 et
179 2429 371 2498 impedimenta
383 2429 419 2482 ibi
431 2447 493 2482 curn
512 2431 642 2499 praesidio
661 2430 776 2499 reliquit.
812 2431 871 2500 lpse
889 2447 950 2484 cum
969 2448 1056 2500 expe·

140 2498 193 2552 dito
223 2499 331 2568 agmina
358 2498 416 2551 loca
443 2498 549 2552 deserta
576 2499 774 2568 Sogdianorum⁷
803 2500 891 2570 intrat,
922 2509 1056 2553 nocturno

168 2621 221 2666 ιιΑ
233 2619 433 2677 mauwellupin
462 2619 531 2666 ears’
565 2618 619 2666 The
631 2619 772 2677 expression
782 2620 803 2667 is
814 2620 948 2668 sornewhat
964 2620 1056 2672 iudefi-

140 2679 196 2734 nite,
208 2680 250 2726 but
260 2681 276 2726 it
286 2679 403 2738 probably
411 2634 527 2726 indicatas
536 2678 587 2725 that
597 2677 710 2738 Erigyius
719 2693 770 2726 was
781 2693 859 2727 aman
867 2679 894 2727 of
901 2681 974 2728 about
983 2680 1058 2742 sixty

139 2738 432 2857 yeprployongqumlem
443 2797 500 2846 hera
511 2806 537 2845 to
547 2799 624 2851 dues,
634 2798 771 2860 praefectos.

167 2861 176 2884 ²
189 2861 194 2881 ‘
205 2857 259 2902 Ono
270 2857 350 2905 would
362 2857 422 2903 have
434 2856 554 2916 thought!
587 2855 634 2903 See
648 2855 727 2904 Gram.
740 2855 753 2906 l
765 2860 817 2913 347,
828 2865 892 2905 note.

167 2920 175 2942 ⁴
187 2914 209 2960 It
221 2915 298 2974 might
309 2916 361 2963 also
372 2915 433 2962 have
444 2917 506 2963 boen
517 2917 542 2962 iu
554 2917 654 2962 mediam
662 2923 755 2976 guttur.

169 2979 176 3004 ⁵
188 2973 302 3034 Properly
313 2989 387 3034 usqne
397 2993 422 3022 eo
431 2989 458 3022 or
468 2976 594 3022 amodum.
627 2974 673 3021 See
686 2973 783 3033 Zumpt,
795 2975 809 3026 l
820 2979 872 3024 292.

166 3039 175 3060 ⁶
188 3033 241 3079 'Pho
253 3047 319 3080 more
330 3034 440 3092 ordinary
451 3031 512 3080 sorm
524 3033 603 3080 would
614 3031 675 3080 have
686 3034 748 3079 been
763 3036 919 3094 defectionem,
932 3049 959 3082 as
971 3035 996 3097 in
1008 3035 1058 3086 the

139 3091 190 3138 first
202 3103 315 3138 sentence
327 3092 354 3138 ol
367 3091 414 3138 this
425 3089 536 3150 chapter3
555 3093 597 3139 but
609 3106 650 3138 seo
662 3091 741 3139 Gram.
754 3092 767 3144 l
778 3097 830 3147 203,
841 3096 864 3148 3,
877 3095 900 3140 4.

168 3155 176 3177 ¹
187 3150 248 3196 This
256 3150 336 3197 desert
343 3151 427 3208 begins
434 3153 505 3197 about
516 3151 553 3197 six
562 3150 730 3210 geographical
737 3151 806 3199 miles
814 3163 839 3200 to
846 3153 887 3202 tha
894 3152 963 3199 north
973 3152 1002 3201 os
1007 3154 1056 3204 the

140 3209 238 3257 modern
248 3207 336 3261 Ballth.
350 3209 396 3257 and
407 3209 508 3257 extends
520 3209 656 3257 northward
668 3219 693 3256 to
704 3210 744 3258 tha
758 3211 835 3258 Oxus.
862 3211 970 3270 ludging
986 3211 1057 3264 from

140 3269 179 3316 the
191 3283 260 3316 name
272 3268 295 3316 iu
307 3283 350 3315 our
361 3278 421 3322 tent,
435 3268 534 3316 Curtius
546 3283 645 3326 appears
662 3278 687 3315 to
698 3267 794 3318 include
805 3269 846 3318 tha
856 3270 938 3319 desert
949 3271 973 3318 iu
985 3271 1055 3332 Sog-

139 3327 216 3381 diana.
230 3327 322 3386 though
333 3326 374 3373 the
387 3327 457 3374 Oxus
473 3327 494 3376 is
511 3327 606 3386 usually
617 3326 737 3376 rechoned
749 3328 789 3376 the
801 3329 913 3388 bouudar,

140 3385 266 3434 Bactriana
275 3385 322 3433 and
331 3385 458 3444 Sogdiana.
476 3387 513 3432 As
520 3385 592 3432 tothe
600 3387 772 3446 night-march,
782 3403 819 3434 we
827 3398 890 3436 must
899 3405 914 3436 u

140 3445 190 3492 that
206 3446 246 3493 tha
262 3459 330 3504 army
345 3455 382 3492 ser
398 3453 440 3490 out
456 3444 560 3492 towards
575 3446 686 3506 arcaiag,
699 3446 745 3492 and
761 3447 874 3495 murchad
891 3446 924 3496 till

142 3503 210 3552 when
220 3505 261 3553 tha
272 3505 327 3554 heat
339 3505 451 3552 becomes
462 3512 553 3562 strong.
