2438 3886
886 91 896 115 h

142 165 181 222 80
288 209 291 217 .
410 183 449 224 aa
472 182 579 224 casura
601 182 784 224 anaxauoar.

140 290 288 360 damnaret,
314 298 342 343 at
364 289 418 344 ille¹
444 291 573 359 divideret
597 292 692 344 saltem
714 288 922 345 innumerabiles
947 289 1045 360 copias,

140 359 204 412 neu⁸
221 361 272 414 sub
290 375 372 414 unum
390 359 510 414 fortunae
528 362 610 414 ictum
630 371 696 415 rotas
709 361 779 413 vires
796 361 870 428 regni
887 357 983 412 cadere
1001 375 1045 430 po·

141 437 248 482 teretur.
284 430 378 482 Minus
396 430 446 482 hcc
464 431 527 498 regi,
541 447 620 500 quam
641 431 789 500 purpuratis
801 429 860 499 ejus
871 427 1044 498 displicebat:

139 499 284 568 ancipitem
296 499 386 568 fidem,
399 509 425 552 et
439 501 563 552 mercede
576 501 699 554 venalem
713 499 884 569 proditionem
897 499 1045 566 imminere,

141 580 168 621 et
180 566 263 622 dividi
279 586 332 621 non
347 570 381 621 ob
398 569 470 623 alind
489 571 579 639 copias
591 570 668 638 velle,
682 587 762 638 quarn
782 578 810 624 ut
829 569 877 637 ipsi
897 567 922 624 in
942 567 1047 622 diversa

140 637 259 708 digressi,
284 639 306 690 si
336 633 398 707 quid
421 640 593 706 commissum
618 640 709 707 essct,³
732 639 863 691 traderent
886 635 1045 690 Alexandro.

140 706 213 760 Nihil
233 707 315 760 tutius
333 708 395 778 lore,
409 727 491 779 qoam
508 709 685 762 circumdatos
703 725 749 760 eos
767 708 881 760 exercitu
901 716 954 760 tcto
972 705 1047 760 obrui

142 777 208 842 telis,
222 777 413 833 documentum
426 797 477 831 non
490 778 589 830 inultae
602 777 729 846 perfidiae
742 777 849 832 futuros.
887 779 922 829 At
935 777 1044 844 Dareus,

52 908 54 912 .
141 854 238 900 uteret
257 851 375 900 sanctus⁴
390 863 423 902 ac
441 849 522 916 mitis,
537 865 565 899 se
578 865 640 898 vero
659 856 761 900 tantum
781 847 884 900 lacinus
896 854 975 913 negat
987 862 1046 898 esse

141 915 280 985 facturum,
294 929 323 969 ut
341 935 417 970 suam
435 927 541 970 secutus
559 917 648 984 fidem,
662 934 723 969 suos
740 917 845 984 milites,
858 913 949 985 jubeat
970 915 1046 968 truci-

140 985 206 1038 dari.
242 987 329 1045 Quem
351 986 448 1038 deinde
468 987 583 1056 amplios
600 987 737 1040 nationum
759 996 910 1040 exterarum
933 982 1047 1038 salutem

141 1073 217 1108 suam
242 1055 405 1108 crediturum
428 1057 486 1122 sibi,
512 1058 533 1108 si
557 1063 593 1108 tot
617 1056 731 1108 militum
756 1056 884 1123 sanguine
908 1054 1047 1107 imbuisset

141 1125 257 1178 manns?
293 1125 437 1178 Neminem
455 1126 579 1178 stolidum
597 1126 735 1179 cumdium
748 1126 835 1194 capite
848 1125 920 1176 luere
938 1123 1045 1176 debere.

142 1195 283 1247 Deiotarus
301 1191 372 1246 enim
391 1195 436 1264 qui
454 1195 603 1260 suaderent,
617 1197 638 1248 si
650 1195 765 1249 suasisse
777 1194 953 1264 periculosum
966 1201 1045 1246 esset.

143 1265 264 1333 Denique
285 1265 354 1333 ipsos
366 1265 461 1317 cotidie
474 1266 506 1318 ad
521 1283 549 1317 se
565 1266 687 1318 advocari
706 1267 730 1318 in
750 1263 896 1332 consilium,
910 1263 1047 1331 variasque

143 1335 288 1386 sententias
306 1334 403 1402 dicere,
418 1351 467 1386 nec
487 1347 576 1388 tarnen
597 1335 712 1388 melioris
731 1334 794 1387 fidei
812 1332 912 1400 haberi,
926 1333 972 1402 qui
987 1349 1046 1402 pru·

142 1403 248 1456 dentiae
278 1403 395 1456 suaserit.
432 1405 525 1474 ltaque
555 1406 664 1457 Graecis
695 1405 824 1456 nuntiare⁵
846 1402 928 1472 jubet,
959 1403 1046 1472 ipsum

142 1474 251 1541 quidem
264 1473 465 1526 benevolentiae
478 1475 580 1528 illorum
592 1475 690 1543 gratias
702 1492 788 1542 agere,
803 1482 930 1543 ceterum,
944 1473 965 1524 si
980 1481 1046 1524 retro

142 1543 180 1594 ire
192 1552 290 1613 pergat,
304 1542 377 1596 haud
394 1543 474 1596 dubie
494 1561 601 1612 regnorn
623 1544 742 1596 hostibus
760 1543 926 1596 traditurum.
964 1541 1047 1594 Fama

141 1612 212 1665 belle
224 1613 312 1682 stare,⁶
325 1622 351 1665 et
364 1609 434 1682 eum,
445 1614 488 1682 qui
502 1615 616 1682 recedat,
627 1613 719 1680 sugere
729 1613 808 1666 credi.
839 1609 972 1665 Trahendi
983 1627 1047 1664 vero

141 1681 204 1736 belli
228 1683 273 1734 vix
297 1683 379 1736 ullam
405 1699 464 1735 esse
489 1684 626 1736 rationem.
662 1684 763 1736 Tantae
783 1683 855 1736 enim
875 1681 1045 1750 multitudini,

141 1752 233 1820 utique
251 1769 313 1805 cum
333 1751 388 1821 jam
401 1751 489 1804 hiems
509 1753 623 1820 instaret,
639 1753 665 1806 in
679 1754 783 1817 regione
796 1762 877 1821 vasta,
891 1761 917 1804 et
931 1751 1046 1804 invicem

140 1837 157 1872 a
181 1823 234 1875 suis
257 1833 284 1874 at
305 1831 347 1875 rre'
363 1821 437 1876 hoste
462 1833 564 1892 vexata,
590 1840 639 1874 non
664 1823 809 1875 suffectura
832 1821 968 1873 alimenta.
1003 1821 1046 1873 Ne

141 1890 222 1944 dividi
241 1840 350 1962 quidem
369 1893 458 1961 copias
478 1909 554 1962 posse
573 1902 677 1946 servato
697 1909 770 1946 mure
782 1891 920 1960 majorum,
933 1891 976 1958 qui
990 1889 1045 1942 uni·

140 1977 231 2014 versas
257 1963 327 2016 vires
357 1962 502 2016 discrimini
535 1963 663 2016 bellorurn
695 1978 801 2032 semper
825 1960 974 2016 obtulerint.
1011 1961 1045 2012 Et

140 2030 249 2084 hercule
268 2033 412 2085 terribilem
432 2046 511 2084 antea
532 2049 630 2101 regem,
644 2043 670 2084 et
689 2033 810 2086 absentia
828 2049 877 2085 sua
897 2033 931 2084 ad
950 2049 1046 2088 uanam

139 2099 266 2154 fiduciam
289 2103 397 2170 elatum,
416 2112 554 2171 postquam
578 2103 722 2155 adventare
746 2120 776 2156 se
799 2103 917 2171 senserit,
937 2110 1045 2157 cautum

139 2185 185 2250 pro
204 2173 341 2224 temerario
359 2169 467 2240 lactum,
486 2171 623 2224 delituisse
643 2173 710 2224 inter
730 2173 864 2240 angustias
884 2171 976 2225 saltus⁷
994 2173 1045 2225 ritu

139 2239 294 2308 ignobilium
318 2240 441 2309 serarum,
465 2257 535 2310 quae
560 2243 670 2310 strepitu
698 2241 923 2310 praetereuntium
947 2242 1044 2312 audito,

139 2309 266 2365 silvarum
296 2309 404 2362 latebris
432 2327 461 2362 se
491 2311 663 2364 occuluerint.
698 2313 760 2365 Jam
782 2312 862 2363 etiam
887 2309 1046 2364 valetudinis

138 2379 305 2433 simulatione
324 2379 450 2433 frustrari⁸
463 2397 524 2435 suns
543 2380 660 2438 milites,
686 2381 736 2434 Sed
756 2398 806 2434 non
824 2380 939 2455 amplius
957 2381 1046 2450 ipsum

168 2486 175 2508 ¹
185 2480 231 2528 See
244 2481 341 2540 Zumpt,
354 2481 368 2532 l
379 2484 430 2530 756.

165 2539 238 2588 ’The
250 2555 317 2588 same
328 2556 355 2588 as
365 2558 429 2588 aruc.

167 2599 333 2648 “whatever
343 2600 421 2661 might
432 2601 462 2648 be
471 2599 590 2650 intrusted
601 2611 626 2648 to
637 2601 720 2664 them!
753 2601 800 2649 See
812 2601 910 2661 Zumpt,
923 2601 937 2653 b
948 2605 999 2652 740.

167 2657 354 2715 “Blameless,'
370 2658 413 2707 ‘ol
424 2660 537 2708 stainless
549 2660 668 2708 conduct.'
706 2660 737 2708 Ur
751 2669 813 2709 erat:
833 2677 869 2708 we
881 2661 957 2720 speak
967 2661 992 2708 in
1003 2661 1044 2710 the

138 2727 286 2824 gozmarum,
297 2719 467 2826 tihimmble
478 2735 504 2768 as
516 2721 546 2768 he
557 2735 608 2768 was
616 2721 632 2777 ;'
646 2719 697 2768 that
709 2720 738 2776 is,
752 2721 878 2781 according
895 2731 919 2768 to
935 2720 972 2768 his
988 2737 1045 2770 own

321 2794 367 2825 ern
386 2796 405 2826 s.

170 2835 326 2896 'Regularly,
339 2795 457 2886 sauhtim-i.
491 2837 537 2887 But
548 2855 587 2886 wc
598 2855 642 2887 can
652 2835 739 2898 supply
751 2855 782 2886 an
791 2839 927 2886 accusative
939 2836 967 2886 of
973 2837 1043 2888 those

140 2894 196 2942 who
208 2909 270 2942 were
282 2905 307 2942 to
318 2912 410 2957 convey
421 2897 462 2945 the
471 2913 590 2959 messagc.
624 2897 676 2946 ‘He
688 2897 846 2947 commanded
856 2897 907 2945 that
919 2913 987 2946 some
998 2913 1043 2946 one

140 2953 227 3002 should
238 2953 281 3000 tell
292 2954 332 3002 the
345 2955 457 3004 Greeks)
490 2957 552 3006 This
563 2957 623 3006 form
635 2957 663 3004 ol
668 2957 809 3017 expression
819 2971 903 3005 occurs
915 2957 939 3004 io
950 2955 1044 3006 several

139 3025 255 3074 passages
266 3013 294 3060 ol
307 3013 414 3064 Curtius.

168 3078 177 3101 ⁸
188 3073 248 3119 ‘Are
257 3075 386 3132 supported
395 3076 435 3134 by,
443 3090 469 3122 or
478 3075 571 3134 depend
582 3090 654 3135 upon,
665 3075 728 3123 fame
737 3076 753 3123 ς’
766 3074 829 3125 sume
841 3075 861 3122 is
872 3074 913 3122 the
924 3074 1043 3135 keysrcne

139 3130 168 3180 of
179 3146 250 3179 wars.
282 3131 489 3195 Theresorefonro
499 3135 519 3182 is
530 3151 544 3182 a
555 3134 637 3182 casual
648 3135 761 3183 ablative.
793 3134 840 3182 See
853 3134 933 3182 Grom.
945 3134 959 3185 b
970 3138 1022 3183 291.

168 3189 294 3238 “Because
306 3192 445 3240 Alexander
451 3192 498 3240 had
507 3206 548 3240 not
557 3193 654 3242 crossed
665 3193 750 3242 Cilicia
761 3203 785 3241 to
795 3203 859 3241 meet
868 3193 909 3240 the
919 3193 1041 3250 Persians,

138 3249 182 3318 but
193 3264 244 3298 was
256 3250 354 3310 waiting
364 3250 399 3299 for
410 3253 476 3300 them
488 3253 511 3299 in
523 3268 537 3300 a
547 3267 648 3309 narrow,
659 3253 841 3314 mountain-gira
853 3252 929 3311 place,
942 3268 968 3300 as
980 3251 1042 3302 Gur·

138 3308 462 3428 tm's‘l'llllcillicalibriiilrdadli‚
475 3370 520 3420 and
532 3369 641 3418 defeated
653 3369 694 3418 the
705 3370 795 3419 wishes
811 3370 839 3418 of
850 3370 888 3418 his
899 3369 999 3418 soldiers
1009 3371 1043 3430 by

139 3425 180 3474 the
190 3437 301 3487 pretence
312 3425 341 3477 of
352 3428 478 3478 sreknessff
517 3427 632 3476 Valetado
642 3445 726 3498 means
739 3435 816 3478 ‘state
827 3429 855 3477 os
867 3428 1044 3490 heatrhssgood

139 3485 1043 3558 utbad,iorraornralo,morelrcqaentlywhenrtstandsalone,thalatter.
1064 3535 1068 3538 .
