2314 3886
148 245 204 302 tet
412 258 452 299 uu
475 259 582 298 essars
604 259 789 300 inuasurum.

145 369 191 440 qui
211 367 289 438 primi
309 366 425 436 agminis
447 376 529 437 erant,
550 375 653 420 mature
674 367 733 420 cibo
753 383 786 420 ac
805 366 911 436 potione
929 366 1066 438 firmatos,

145 437 256 509 implere
275 437 343 492 alios
362 445 441 506 utres,
462 437 528 489 alios
548 453 620 507 vasa,
641 437 844 506 quibuscunque
867 453 937 505 aqua
962 439 1068 506 portari

181 513 242 574 sset,
261 505 345 576 jussit,
364 523 397 560 ao
417 506 472 559 suis
491 523 569 585 opem
589 505 666 558 serre.
702 505 753 558 Sed
772 507 818 576 qui
838 507 1067 574 intemperantius

142 523 299 646 ffiuserunt,
317 575 459 630 intercluso
478 576 571 645 sprritu
590 574 700 628 extincti
721 585 796 629 sunt:
818 575 954 644 multoque
975 575 1067 646 major

143 645 241 698 horum
261 661 388 698 numerus
408 644 465 714 luit,
487 661 567 714 quam
589 644 642 698 ullo
664 645 789 698 amiserat
813 645 918 714 proelio.
957 649 993 697 At
1018 647 1067 698 ille

146 714 293 768 thoracem¹
304 715 392 767 adhuc
404 714 519 782 indutus,
533 731 583 766 nec
595 724 640 767 aut
652 715 712 767 cibo
727 715 842 767 relectus
853 723 897 766 eut
911 725 983 784 potu,
997 717 1068 784 qua²

68 815 74 824 .
146 784 271 837 veniebat
289 785 428 853 exercitus,
442 784 572 836 constitit:
594 800 644 836 nec
662 793 724 835 ante
741 782 775 835 ad
795 783 941 836 curandum
961 801 1065 852 corpus

147 854 263 923 recessit,
284 870 366 923 quam
385 853 554 922 praeterierat
577 869 689 920 agmen:
713 863 849 922 totamque
870 869 929 904 eam
950 867 1065 906 noctem

148 939 209 976 cum
227 940 324 991 magno
341 921 425 974 animi
443 931 516 975 motu
529 923 664 992 perpetuis
675 923 773 989 vigiliis
785 923 847 989 egit.
883 923 940 974 Nea
954 933 1067 992 postero

148 991 191 1044 die
210 992 302 1044 laetior
322 1000 386 1060 erat,
406 992 469 1060 quia
492 1007 542 1044 neo
565 993 670 1058 navigia
691 991 816 1058 habebat,
839 1007 888 1042 nec
907 1007 973 1061 pons
994 993 1066 1060 erigi

147 1070 256 1131 poterat,
265 1061 372 1114 circum
383 1073 492 1114 amnem
504 1059 574 1112 nudo
587 1061 649 1128 solo,
663 1069 690 1113 et
702 1062 824 1113 mataria³
835 1062 952 1113 maxime
966 1063 1066 1114 sterili.

148 1129 291 1184 Consilium
304 1131 390 1200 igitur,
400 1129 471 1198 quod
480 1145 561 1182 uuum
571 1131 719 1183 necessitas
728 1130 885 1198 subjecerat,
896 1130 954 1182 init.
980 1131 1067 1184 Utres

148 1215 228 1268 quam
247 1199 375 1270 plurimos
393 1199 545 1252 stramentis
565 1199 673 1251 refertos
693 1199 795 1252 dividit.
833 1199 882 1250 His
902 1200 1067 1254 incubantes

148 1277 317 1321 transnavere
341 1284 465 1320 amnem:
489 1269 588 1338 quique
612 1269 689 1338 primi
715 1269 870 1321 transierant
893 1272 918 1320 in
944 1271 1065 1322 statione

148 1345 229 1406 erant,
243 1337 307 1390 dum
320 1335 472 1406 trajicerent
484 1340 574 1390 ceteri.
604 1339 661 1390 Hoc
673 1339 752 1390 modo
765 1347 839 1391 sexto
851 1339 962 1390 demum
974 1339 1024 1390 die
1038 1341 1066 1393 in

55 1403 60 1417 ‘
149 1405 272 1459 ulteriore
284 1407 340 1476 ripa
349 1415 434 1458 toturn
448 1408 593 1460 exercitum
608 1410 736 1476 exposuit.

184 1479 224 1527 22.
244 1477 357 1545 Jamque
373 1475 408 1527 ad
428 1477 640 1556 persequendum
654 1477 765 1529 Bessum
784 1485 911 1529 statuerat
926 1479 1064 1547 progredi,

149 1559 212 1597 curu
223 1561 264 1614 ea,
277 1561 347 1614 quae
359 1545 385 1598 in
397 1545 536 1613 Sogdianis
547 1549 641 1614 erant‚⁴
652 1546 794 1614 cognoscit.
827 1545 994 1614 Spitamenes
1003 1559 1065 1600 erat

149 1615 216 1667 inter
235 1631 328 1668 omnes
344 1617 446 1667 amicos
464 1615 606 1684 praecipuo
624 1616 721 1667 honore
740 1615 827 1668 cultus
843 1631 859 1666 a
878 1615 969 1667 Besso.
1007 1617 1064 1670 Sed

149 1683 230 1736 nullis
241 1684 344 1737 meritis
356 1684 478 1754 perfidia⁵
492 1684 608 1752 mitigari
627 1694 727 1753 potest:
747 1701 815 1754 quae
828 1695 916 1736 tamen
930 1687 1023 1738 minus
1036 1689 1064 1740 in

149 1769 180 1805 eo
193 1753 279 1806 invisa
290 1769 350 1806 esse
361 1760 471 1824 poterat,
485 1753 624 1822 quia‘nihil
638 1753 683 1806 ulli
698 1754 833 1806 nefastum
845 1754 871 1806 in
885 1754 1007 1823 Bessum,
1023 1757 1064 1808 irr-

148 1822 317 1876 teriectorem
336 1824 405 1892 regis
424 1821 473 1891 sui,
487 1822 634 1876 videbatur.
671 1823 776 1876 Titulus
794 1823 903 1876 facinori
923 1825 1066 1892 speciosus

146 1884 149 1894 r

168 1891 354 1961 raeserebatur,
364 1891 481 1944 vindicta
489 1891 583 1944 Darei:
597 1891 644 1945 sed
657 1891 859 1962 scripseramus
871 1892 1065 1948 scelusoderat
1143 1929 1144 1938 ι

146 1905 231 2015 lessi.
267 1963 391 2031 Namque
419 1969 446 2014 ut
470 1960 653 2015 Alexandrum
679 1961 780 2016 flumen
805 1963 892 2016 Oxum
918 1979 1064 2032 superasse

148 2046 179 2083 oo
199 2031 279 2100 novit,
293 2030 489 2100 Dataphernem
500 2040 528 2084 et
540 2032 676 2100 catenam,
693 2032 790 2100 quibus
806 2049 823 2084 a
840 2031 922 2084 Besso
941 2035 1065 2086 maxima

148 2047 216 2152 lifes
239 2099 394 2169 habebatur,
416 2100 441 2152 in
462 2101 620 2154 societatem
644 2102 776 2168 cogitatas
800 2101 848 2154 rei⁸
867 2102 981 2154 asciscit.
1021 2103 1064 2156 Illi

148 2169 295 2238 promptius
306 2168 425 2236 adeunt?
439 2185 520 2236 qnam
539 2169 695 2236 rogabantur
703 2186 711 2237 3
728 2170 925 2239 assumptisque
937 2179 996 2223 ooto
1011 2171 1065 2224 ior·

149 2236 258 2289 tissimis
269 2235 418 2306 juvenibus,
428 2238 511 2290 talem
522 2237 614 2290 dolum
624 2239 771 2292 intendunt.
799 2239 965 2308 Spitamenes
974 2244 1064 2310 pergi·

149 2305 184 2357 ad
196 2305 317 2374 Bessum,
330 2312 358 2356 et
370 2307 479 2358 remotis
486 2305 600 2376 arbitris,
614 2310 774 2377 comperisse
792 2309 830 2361 ait
849 2325 886 2376 se,
900 2309 1022 2363 insidiari
1036 2319 1064 2363 et

150 2373 348 2444 Dataphernem
372 2381 398 2426 et
422 2375 558 2444 Catenem,
572 2385 610 2435 ¹ut
633 2378 724 2430 vivum
748 2377 898 2430 Alexandro
926 2379 1064 2434 traderent

149 2443 280 2511 agitantes
288 2459 295 2510 ;
313 2460 329 2494 a
348 2452 434 2496 semet
452 2451 595 2513 occupatos
607 2461 666 2498 esse
679 2455 706 2498 et
718 2447 820 2498 vinctos
832 2448 924 2500 terreri.
961 2447 1065 2502 Bessus

149 2512 324 2582 tantomerito‚
337 2521 367 2565 ut
378 2512 512 2583 credebat,
523 2513 660 2584 obligatus,
670 2517 766 2586 partim
778 2518 875 2584 gratias
885 2517 946 2586 egit,
962 2520 1063 2587 partim

722 2621 738 2625 ..
760 2617 977 2628 ..-..-—-.-....
996 2623 1023 2628 ..-

178 2665 235 2714 ¹As
246 2675 272 2713 to
281 2663 331 2713 this
341 2664 514 2721 construction,
527 2681 568 2712 see
581 2665 661 2714 Grcm.
674 2666 749 2722 §252
764 2669 783 2714 1.

177 2730 187 2756 ²
199 2731 205 2752 ‘
215 2726 256 2772 On
266 2725 307 2772 the
318 2723 384 2780 rond,
397 2724 469 2784 along
480 2723 576 2772 which!

175 2789 188 2815 ¹
198 2789 204 2811 ⁴
214 2784 280 2844 Very
290 2783 407 2832 destitute
423 2783 451 2831 cl
463 2783 574 2832 timberr'
592 2783 633 2832 the
649 2784 754 2844 genitive
770 2785 848 2846 might
858 2785 910 2834 eleo
921 2785 983 2833 have
994 2787 1061 2836 been

150 2843 217 2892 used.
249 2841 388 2890 Alexander
406 2857 507 2948 appears
527 2853 552 2890 to
568 2843 629 2890 bave
648 2843 762 2902 prepared
781 2844 822 2892 the
840 2846 901 2913 begs
917 2845 1063 2913 mentioned

150 2903 235 2969 aberra,
248 2901 328 2949 before
339 2900 370 2948 he
382 2900 425 2968 lest
459 2911 532 2969 aetra,
545 2917 572 2969 as
583 2917 597 2950 a
608 2901 654 2970 lest
665 2912 741 2950 resort
756 2901 795 2972 ior¹
806 2917 914 2964 crossrng
930 2903 972 2952 the
985 2919 1061 2972 river.

151 2957 213 3007 This
222 2959 294 3007 mode
305 2959 333 3007 os
345 2975 453 3020 crossrng
471 2975 546 3008 rivers
564 2977 585 3008 re
602 2960 654 3009 sard
668 2970 694 3009 to
710 2962 740 3010 be
756 2971 822 3020 quite
838 2977 951 3010 common
965 2963 1019 3011 strll
1036 2967 1063 3013 in

149 3017 218 3066 those
225 3018 358 3066 countries.

178 3075 269 3124 “The
285 3085 347 3125 state
363 3076 391 3125 ol'
402 3077 483 3126 affairs
499 3077 523 3126 in
542 3077 680 3138 Sogdima’
700 3077 741 3126 the
757 3079 869 3138 province
885 3079 910 3127 in
925 3079 1008 3128 which
1029 3081 1063 3132 he

149 3151 415 3243 nopTrpeesimehewus
423 3195 565 3254 disposition
572 3193 600 3242 oi
607 3193 760 3253 Spitamenes
768 3196 839 3244 could
850 3206 891 3246 uot
902 3197 933 3246 be
944 3196 1061 3252 softened

150 3255 221 3323 dotyn
236 3253 328 3330 byeny
338 3253 481 3323 lriudnesees
500 3253 585 3302 shown
603 3262 628 3321 to
644 3253 693 3334 him
705 3255 742 3322 ¹by
758 3253 863 3328 Bessus:
880 3259 979 3314 πιεηϊίε,
998 3257 1063 3310 kind

150 3309 537 3430 tiltitltlllttttglffl
550 3311 871 3432 ‘ltlthrltssltttu
881 3372 1023 3432 paeane
1034 3387 1064 3428 ω

151 3428 959 3549 'lttill'tttttfflsttlttf··l}.⁰thttlt¹tl3;irtt¹li⁸⁰⁰¹¹⁶·
