2264 3880
169 213 227 272 818
434 229 475 272 or
497 229 603 272 orsam
624 227 809 272 manarum.

169 338 248 410 tione,
260 353 312 399 non
328 339 399 410 justa
413 339 500 410 modo,
513 339 655 394 sedatium
666 338 825 408 necessaria,
840 340 1083 394 enetcearemad

169 409 241 462 solus
252 416 383 488 expectat,
396 418 424 463 et
432 409 490 480 jam
500 409 602 462 divinat
612 425 716 462 marem
727 425 788 462 esse
799 417 975 480 conceptum
985 427 995 478 3
1013 425 1084 478 quem

169 493 216 532 ros
236 475 363 532 dubrtetie
385 487 506 550 paratum
529 495 588 532 esse
607 479 650 534 vel
673 477 808 532 subdere.⁸
844 478 875 530 Si
901 479 1083 534 mediusfidius

169 546 321 601 Alexander
332 547 403 602 huuc
418 547 494 602 nobis
511 566 601 618 regem
617 565 666 629 pro
684 565 713 600 se
731 546 897 617 reliquisset,
913 547 945 601 id
958 549 1045 602 sohar
1055 563 1082 600 er

169 616 219 686 his,
237 632 306 686 quae
324 617 488 688 imperasset,
502 635 555 674 nou
571 617 725 672 faciendum
743 633 802 670 esse
820 631 987 672 censerem.
1023 617 1081 676 Quin

168 685 246 756 igitur
257 685 292 740 ad
304 686 466 758 diripiendos
477 688 615 742 thesauros
626 685 913 742 discurritiel‘berum
923 688 1079 756 animm

168 755 1080 882 erretur„reluere,thermurur
1111 739 1112 780 ⁴

168 895 364 966 pronuntiatum
376 845 502 966 pinguim
515 844 701 967 shquebantur.
930 865 940 896 '
964 841 1017 896 pm

202 967 244 1017 22.
263 966 324 1019 Jam
343 981 376 1018 ue
387 974 547 1021 armatorum
565 965 635 1019 circa
651 965 819 1032 Meleagrum
837 962 979 1033 frequem
995 963 1081 1033 globus

304 981 448 1088 editionem
465 1053 498 1088 ac
515 1035 674 1088 discordiam
689 1049 767 1088 versa
783 1033 930 1102 contione,
949 1051 1020 1090 cum
1034 1031 1079 1101 qui·

168 1043 224 1086 erat
245 1034 272 1087 in
290 1051 303 1087 s

167 1074 232 1156 deul
251 1103 384 1174 plerisque
403 1103 584 1158 Macedonum
607 1105 709 1173 ignotus
732 1119 766 1154 ex
785 1101 883 1154 infima
926 1103 1004 1173 lebe,
1022 1101 1081 1160 Qud

167 1186 234 1242 opus
257 1181 306 1242 est,
326 1173 417 1281 inquit,
438 1175 519 1228 armis
542 1174 664 1244 civilique
688 1171 765 1242 bello,
789 1120 963 1226 habentibus
987 1188 1080 1248 negent,
1111 1177 1112 1190 ¹

167 1255 249 1310 quem
272 1243 414 1312 quaeritis.
452 1243 621 1313 Arrhidaeus,
641 1241 762 1311 Philippo
783 1239 917 1310 genitus,⁴
939 1240 1080 1296 Alexandri

167 1311 246 1380 paulo
263 1319 326 1364 ante
344 1328 356 1362 r
391 1312 414 1364 is
430 1311 519 1384 frater,
531 1330 664 1366 sacrorum
680 1309 965 1381 caerimoniarumque
982 1325 1080 1363 consus

168 1379 254 1448 modo,
267 1395 338 1432 nunc
349 1397 377 1432 eo
390 1397 420 1432 us
432 1380 518 1448 hares,
531 1383 684 1452 praeteritur
695 1399 712 1434 a
723 1379 805 1433 vobis
829 1377 891 1438 Qno
904 1380 1010 1434 meritc
1023 1377 1079 1432 suoi

167 1447 266 1516 quidve
279 1447 349 1517 lecit,
362 1465 409 1502 cur
421 1450 503 1504 etiam
514 1452 633 1520 gentium
646 1449 781 1504 communi
792 1447 851 1518 jure
864 1447 1036 1503 lmudeturl
1059 1447 1079 1502 u

167 1516 319 1570 Alexandro
336 1517 452 1572 similem
469 1520 603 1589 quaeritis,
622 1535 755 1588 nunquam
777 1517 922 1587 reperietis
931 1537 940 1588 3
961 1521 986 1572 ei
1005 1517 1078 1588 proxi

167 1601 250 1657 mum,
264 1586 307 1640 hic
319 1587 391 1640 solus
402 1597 455 1642 est..
486 1589 535 1643 His
545 1589 643 1644 auditis
653 1589 740 1642 contio
751 1588 836 1657 primo
851 1587 1002 1644 silentium
1017 1587 1078 1641 velot

167 1653 242 1726 jussa
259 1655 367 1712 habuit:
387 1659 554 1714 conclament
565 1656 661 1711 deiude
674 1657 777 1728 pariter,
790 1655 979 1712 Arrhidaeum
992 1673 1077 1710 vocae

167 1724 233 1779 dum
244 1743 312 1802 esse,
325 1736 491 1798 mortemque
502 1732 618 1797 meritos,
630 1728 677 1796 qui
689 1726 840 1780 contionem
852 1726 914 1778 eine
928 1743 965 1780 eo
977 1725 1076 1780 habuc

168 1803 235 1848 seut.
271 1796 342 1849 Tum
361 1797 454 1850 Pithon
491 1797 567 1850 lenus
586 1796 755 1850 lacrimarum
772 1794 872 1850 orditur
889 1795 1001 1866 dicere,
1018 1810 1077 1848 nunc

169 1862 210 1916 vel
223 1866 340 1918 maxime
353 1815 531 1920 miserabilem
544 1882 604 1918 esse
616 1864 804 1934 Alexandrum,
836 1864 864 1918 ui
880 1872 942 1918 tam
955 1865 1076 1920 bonorum

167 1932 269 1988 civium
280 1935 448 2006 militumque
461 1936 584 1990 fructuet
597 1933 816 2006 praeseutialrau
851 1941 998 1988 tusesset.
1035 1935 1076 1987 No

168 2018 230 2056 men
243 2005 315 2060 enim
328 2007 537 2076 memoriamque
546 2007 616 2074 regis
627 2004 668 2058 eui
679 2011 782 2058 tautum
791 2001 938 2070 intuentes,
948 2004 986 2058 ad
996 2012 1077 2056 cetera

167 2071 282 2141 caligare
294 2075 359 2128 θοι.6
393 2073 470 2128 Haud
482 2075 609 2143 ambigue
624 2076 656 2153 iu¹
668 2073 803 2142 juvenem,
814 2072 859 2124 cui
871 2087 995 2140 regnum
1007 2071 1077 2126 desse

83 2169 89 2178 -
167 2140 286 2210 nabetur,
300 2143 420 2212 impensa
436 2144 530 2214 pmbra
547 2143 633 2212 magis
650 2143 699 2212 ipsi
716 2141 816 2210 odium,
829 2155 913 2210 quam
931 2141 1077 2196 Arrhidaeo

167 2219 349 2280 contemptum
361 2212 519 2268 attulemm:
550 2213 630 2283 uippe
639 2211 703 2266 durn
712 2212 879 2279 miserentur,
890 2211 981 2266 etiarn
994 2212 1077 2265 favere

167 2289 317 2348 coeperunt.
353 2281 436 2350 Igitur
453 2300 505 2336 non
522 2230 604 2336 elium
622 2297 713 2350 regem
731 2297 767 2350 ee,
786 2296 866 2349 quarn
886 2295 966 2350 eum,
987 2282 1036 2351 qui
1050 2277 1077 2332 ad

167 2345 237 2402 hanc
249 2365 324 2418 spem
336 2351 440 2418 genitus
451 2360 529 2420 esset,
542 2367 671 2422 passuros,
684 2349 812 2420 pertinaci
823 2348 1029 2406 acclamatione
1040 2350 1077 2404 de·

166 2414 277 2498 clarent,
288 2419 428 2488 vocarique
444 2421 622 2474 Arrhidaeum
638 2419 741 2491 jubent.
776 2419 863 2478 Quem
878 2419 1033 2488 Meleager
1047 2418 1077 2472 in·

166 2485 252 2540 leatus
269 2487 432 2560 mvisueque‘
449 2490 592 2543 Perdiccae
609 2498 715 2544 strenue
733 2488 853 2558 perducit
868 2487 897 2540 in
912 2490 1041 2560 regiam
1055 2495 1077 2542 et

165 2556 265 2612 milites
277 2557 427 2629 Philippum
439 2559 634 2614 consalutatum
646 2574 737 2628 regem
748 2557 891 2629 appellant.
930 2599 934 2608 .

195 2710 202 2734 ¹
215 2704 285 2755 ‘The
298 2705 394 2754 months
404 2705 432 2753 ol
443 2705 487 2752 her
496 2717 633 2770 pregnancy
644 2700 749 2762 through
760 2699 840 2750 which
850 2699 895 2770 she
906 2699 961 2752 had
971 2703 1074 2763 med
1107 2739 1108 2748 ,

193 2763 284 2814 ’‘Can
300 2780 347 2824 you
363 2763 437 2812 doubt
453 2763 505 2810 thet
520 2761 551 2810 he
568 2777 589 2810 rs
607 2761 681 2822 ready
691 2775 753 2808 even
767 2770 793 2808 to
808 2761 945 2808 substitute
958 2777 974 2809 a
984 2763 1052 2812 child
1059 2763 1074 2810 l'
1107 2767 1108 2809 l

165 2821 314 2928 Rqspcctinq
320 2823 361 2870 the
368 2821 531 2932 sulgqprctipe,
532 2835 579 2928 §pe
583 2819 668 2927 sspcrrp.
678 2819 756 2878 §3473
767 2833 877 2880 compare
887 2819 995 2880 Zumpt,
1008 2823 1074 2874 m.

192 2896 407 3007 ‘Bhreqdrlhheurehl
414 2898 535 2989 theipme
546 2915 575 2987 ol
582 2895 695 3007 Philinha
704 2937 733 2986 ol
740 2935 838 2986 Larissa
848 2937 872 2985 in
882 2935 1026 3002 Thessaly.
1041 2941 1075 2990 110
1106 2947 1107 2954 ’

163 2996 211 3046 had
227 2997 331 3047 hitherto
347 3000 438 3060 always
454 3001 516 3048 been
531 2997 672 3048 considered
682 3006 706 3046 at
718 2997 758 3045 the
770 3006 836 3045 court
847 2995 876 3044 of
891 2997 1074 3050 Alexanderas
1106 2975 1107 3031 l

163 3071 195 3105 an
205 3057 271 3105 idiot.
288 3058 350 3107 This
361 3075 411 3107 was
422 3058 565 3113 rhemmon,
576 3055 649 3106 much
659 3071 725 3104 more
734 3071 796 3104 even
803 3055 861 3104 than
869 3053 909 3104 his
918 3057 1074 3120 illegitimate

162 3130 179 3224 p
192 3116 198 3126 '
218 3116 248 3186 ξι,
259 3116 317 3177 why
323 3133 385 3166 none
393 3118 421 3167 ol
427 3118 469 3167 the
479 3115 599 3178 generals,
610 3115 666 3166 who
676 3125 741 3166 must
752 3115 814 3164 hare
824 3114 916 3178 known
927 3115 994 3175 him,
1007 3119 1073 3168 vocal

172 3190 200 3266 or·
212 3191 268 3283 Off:
282 3251 331 3291 ara,
347 3237 387 3282 ‘to
397 3236 428 3283 be
438 3233 559 3290 obscure‚'
570 3233 591 3282 is
601 3233 662 3284 used
672 3233 697 3282 in
707 3233 748 3282 the
757 3233 808 3282 lirst
817 3232 885 3292 place
894 3232 923 3282 ol
931 3235 1012 3286 wealr
1019 3251 1072 3300 eyes
1105 3183 1106 3253 l

161 3292 242 3340 which
273 3301 345 3343 onot
361 3307 403 3340 see
418 3293 490 3340 clearl
517 3292 696 3352 ordiatiuctly3
713 3291 997 3353 andsecoudlyalsool'
1010 3312 1069 3352 men.
1104 3351 1105 3354 Ἴ

163 3353 204 3397 ‘tn
214 3351 245 3398 be
255 3351 329 3420 blind}
342 3353 480 3418 (mire),
492 3309 551 3418 ¹horle
562 3351 586 3398 iu
598 3350 731 3410 aphyaical
741 3351 789 3400 and
798 3349 901 3412 tropica!
910 3367 999 3404 sense.
1104 3365 1105 3368 ’

189 3406 408 3473 mamaeae
421 3408 594 3469 ‘uramara’
607 3409 654 3458 ana
667 3409 770 3460 ‘unere
859 3424 866 3429 ·

1090 3739 1103 3844 l
