<?xml version="1.0" encoding="UTF-8"?>
<!DOCTYPE html PUBLIC "-//W3C//DTD XHTML 1.0 Transitional//EN"
    "http://www.w3.org/TR/xhtml1/DTD/xhtml1-transitional.dtd">
<html xmlns="http://www.w3.org/1999/xhtml" xml:lang="en" lang="en">
 <head>
  <title>
</title>
<meta http-equiv="Content-Type" content="text/html;charset=utf-8" />
  <meta name='ocr-system' content='tesseract 3.04.00' />
  <meta name='ocr-capabilities' content='ocr_page ocr_carea ocr_par ocr_line ocrx_word'/>
</head>
<body>
  <div class='ocr_page' id='page_1' title='image "./qcurtiirufidege01zumpgoog_0130.png"; bbox 0 0 2410 3890; ppageno 0'>
   <div class='ocr_carea' id='block_1_1' title="bbox 157 247 799 302">
    <p class='ocr_par' dir='ltr' id='par_1_1' title="bbox 157 247 799 302">
     <span class='ocr_line' id='line_1_1' title="bbox 157 247 799 302; baseline -0.006 0"><span class='ocrx_word' id='word_1_1' title='bbox 157 247 219 302; x_wconf 75' lang='lat'>-122</span> <span class='ocrx_word' id='word_1_2' title='bbox 427 259 466 299; x_wconf 87' lang='lat' dir='ltr'><strong>rur</strong></span> <span class='ocrx_word' id='word_1_3' title='bbox 490 259 596 300; x_wconf 84' lang='lat' dir='ltr'><strong>nassis</strong></span> <span class='ocrx_word' id='word_1_4' title='bbox 617 259 799 300; x_wconf 73' lang='lat' dir='ltr'><strong>susannam.</strong></span> 
     </span>
    </p>
   </div>
   <div class='ocr_carea' id='block_1_2' title="bbox 103 363 1062 2582">
    <p class='ocr_par' dir='ltr' id='par_1_2' title="bbox 159 363 1062 724">
     <span class='ocr_line' id='line_1_2' title="bbox 160 363 1062 440; baseline -0.002 -18"><span class='ocrx_word' id='word_1_5' title='bbox 160 371 282 440; x_wconf 80' lang='lat' dir='ltr'><strong>frontem,</strong></span> <span class='ocrx_word' id='word_1_6' title='bbox 294 366 345 421; x_wconf 89' lang='lat' dir='ltr'><strong>hoc</strong></span> <span class='ocrx_word' id='word_1_7' title='bbox 357 375 384 420; x_wconf 88' lang='lat' dir='ltr'><strong>et</strong></span> <span class='ocrx_word' id='word_1_8' title='bbox 394 375 579 422; x_wconf 87' lang='lat' dir='ltr'><strong>ornamentum</strong></span> <span class='ocrx_word' id='word_1_9' title='bbox 592 368 688 438; x_wconf 89' lang='lat' dir='ltr'><strong>capitis</strong></span> <span class='ocrx_word' id='word_1_10' title='bbox 699 378 726 421; x_wconf 88' lang='lat' dir='ltr'><strong>et</strong></span> <span class='ocrx_word' id='word_1_11' title='bbox 742 368 826 422; x_wconf 90' lang='lat' dir='ltr'><strong>telum</strong></span> <span class='ocrx_word' id='word_1_12' title='bbox 838 376 887 420; x_wconf 87' lang='lat' dir='ltr'><strong>est.</strong></span> <span class='ocrx_word' id='word_1_13' title='bbox 923 365 975 420; x_wconf 85' lang='lat' dir='ltr'><strong>Sed</strong></span> <span class='ocrx_word' id='word_1_14' title='bbox 993 363 1062 420; x_wconf 88' lang='lat' dir='ltr'><strong>hano</strong></span> 
     </span>
     <span class='ocr_line' id='line_1_3' title="bbox 161 435 1061 508; baseline -0.004 -16"><span class='ocrx_word' id='word_1_15' title='bbox 161 455 265 508; x_wconf 87' lang='lat' dir='ltr'><strong>quoque</strong></span> <span class='ocrx_word' id='word_1_16' title='bbox 282 445 390 506; x_wconf 85' lang='lat' dir='ltr'><strong>gentem</strong></span> <span class='ocrx_word' id='word_1_17' title='bbox 408 437 480 490; x_wconf 89' lang='lat' dir='ltr'><strong>idem</strong></span> <span class='ocrx_word' id='word_1_18' title='bbox 497 437 617 491; x_wconf 76' lang='lat' dir='ltr'><strong>fortunae</strong></span> <span class='ocrx_word' id='word_1_19' title='bbox 635 438 751 507; x_wconf 88' lang='lat' dir='ltr'><strong>impetus</strong></span> <span class='ocrx_word' id='word_1_20' title='bbox 767 437 877 491; x_wconf 86' lang='lat' dir='ltr'>domuit.</span> <span class='ocrx_word' id='word_1_21' title='bbox 913 436 1005 505; x_wconf 88' lang='lat' dir='ltr'><strong>Itaque</strong></span> <span class='ocrx_word' id='word_1_22' title='bbox 1017 435 1061 488; x_wconf 90' lang='lat' dir='ltr'><strong>tri·</strong></span> 
     </span>
     <span class='ocr_line' id='line_1_4' title="bbox 159 504 1060 577; baseline -0.002 -17"><span class='ocrx_word' id='word_1_23' title='bbox 159 508 261 576; x_wconf 81' lang='lat' dir='ltr'>gesimo</span> <span class='ocrx_word' id='word_1_24' title='bbox 272 507 323 576; x_wconf 90' lang='lat' dir='ltr'><strong>die,</strong></span> <span class='ocrx_word' id='word_1_25' title='bbox 333 516 471 576; x_wconf 81' lang='lat' dir='ltr'><strong>postquam</strong></span> <span class='ocrx_word' id='word_1_26' title='bbox 480 523 497 560; x_wconf 88' lang='lat' dir='ltr'><strong>a</strong></span> <span class='ocrx_word' id='word_1_27' title='bbox 505 506 638 576; x_wconf 80' lang='lat' dir='ltr'><strong>Persepoli</strong></span> <span class='ocrx_word' id='word_1_28' title='bbox 650 507 783 577; x_wconf 87' lang='lat' dir='ltr'><strong>profectus</strong></span> <span class='ocrx_word' id='word_1_29' title='bbox 795 515 858 576; x_wconf 88' lang='lat' dir='ltr'><strong>erat,</strong></span> <span class='ocrx_word' id='word_1_30' title='bbox 868 505 964 559; x_wconf 91' lang='lat' dir='ltr'><strong>eodem</strong></span> <span class='ocrx_word' id='word_1_31' title='bbox 977 504 1060 558; x_wconf 84' lang='lat' dir='ltr'><strong>rediit.</strong></span> 
     </span>
     <span class='ocr_line' id='line_1_5' title="bbox 160 573 1059 645; baseline -0.004 -15"><span class='ocrx_word' id='word_1_32' title='bbox 160 577 233 630; x_wconf 85' lang='lat' dir='ltr'><strong>Dona</strong></span> <span class='ocrx_word' id='word_1_33' title='bbox 252 576 350 630; x_wconf 88' lang='lat' dir='ltr'><strong>deinde</strong></span> <span class='ocrx_word' id='word_1_34' title='bbox 370 575 466 628; x_wconf 88' lang='lat' dir='ltr'><strong>amicis</strong></span> <span class='ocrx_word' id='word_1_35' title='bbox 485 575 633 645; x_wconf 89' lang='lat' dir='ltr'><strong>ceterisque</strong></span> <span class='ocrx_word' id='word_1_36' title='bbox 653 593 699 645; x_wconf 89' lang='lat' dir='ltr'><strong>pro</strong></span> <span class='ocrx_word' id='word_1_37' title='bbox 719 575 848 644; x_wconf 87' lang='lat' dir='ltr'><strong>cujusque</strong></span> <span class='ocrx_word' id='word_1_38' title='bbox 868 576 960 627; x_wconf 89' lang='lat' dir='ltr'><strong>merito</strong></span> <span class='ocrx_word' id='word_1_39' title='bbox 978 573 1059 626; x_wconf 87' lang='lat' dir='ltr'><strong>dedit.</strong></span> 
     </span>
     <span class='ocr_line' id='line_1_6' title="bbox 159 643 990 724; baseline -0.005 -26"><span class='ocrx_word' id='word_1_40' title='bbox 159 645 352 716; x_wconf 75' lang='lat' dir='ltr'><strong>Propemodum</strong></span> <span class='ocrx_word' id='word_1_41' title='bbox 364 644 461 714; x_wconf 89' lang='lat' dir='ltr'><strong>omnia,</strong></span> <span class='ocrx_word' id='word_1_42' title='bbox 475 661 544 724; x_wconf 87' lang='lat' dir='ltr'><strong>quae</strong></span> <span class='ocrx_word' id='word_1_43' title='bbox 556 645 582 698; x_wconf 91' lang='lat' dir='ltr'><strong>in</strong></span> <span class='ocrx_word' id='word_1_44' title='bbox 595 662 627 696; x_wconf 90' lang='lat' dir='ltr'><strong>ea</strong></span> <span class='ocrx_word' id='word_1_45' title='bbox 639 645 705 698; x_wconf 90' lang='lat' dir='ltr'><strong>urbe</strong></span> <span class='ocrx_word' id='word_1_46' title='bbox 717 653 831 714; x_wconf 77' lang='lat' dir='ltr'>ceperat,</span> <span class='ocrx_word' id='word_1_47' title='bbox 846 643 990 698; x_wconf 89' lang='lat' dir='ltr'><strong>distributa.</strong></span> 
     </span>
    </p>

    <p class='ocr_par' dir='ltr' id='par_1_3' title="bbox 103 713 1060 2442">
     <span class='ocr_line' id='line_1_7' title="bbox 194 713 1060 793; baseline 0.002 -28"><span class='ocrx_word' id='word_1_48' title='bbox 194 718 234 768; x_wconf 80' lang='lat'><strong>22.</strong></span> <span class='ocrx_word' id='word_1_49' title='bbox 253 715 376 768; x_wconf 89' lang='lat' dir='ltr'><strong>Ceterum</strong></span> <span class='ocrx_word' id='word_1_50' title='bbox 386 713 679 793; x_wconf 81' lang='lat' dir='ltr'><strong>ingentiaanimibcna,</strong></span> <span class='ocrx_word' id='word_1_51' title='bbox 689 715 761 766; x_wconf 90' lang='lat' dir='ltr'><strong>illam</strong></span> <span class='ocrx_word' id='word_1_52' title='bbox 774 713 896 781; x_wconf 83' lang='lat' dir='ltr'><strong>indolem,</strong></span> <span class='ocrx_word' id='word_1_53' title='bbox 907 728 1060 781; x_wconf 81' lang='lat' dir='ltr'><strong>quaomnes</strong></span> 
     </span>
     <span class='ocr_line' id='line_1_8' title="bbox 159 781 1059 862; baseline -0.003 -27"><span class='ocrx_word' id='word_1_54' title='bbox 159 799 235 852; x_wconf 86' lang='lat' dir='ltr'><strong>reges</strong></span> <span class='ocrx_word' id='word_1_55' title='bbox 246 783 396 850; x_wconf 74' lang='lat' dir='ltr'><strong>antecessit,</strong></span> <span class='ocrx_word' id='word_1_56' title='bbox 411 783 484 835; x_wconf 89' lang='lat' dir='ltr'><strong>illarn</strong></span> <span class='ocrx_word' id='word_1_57' title='bbox 502 783 528 836; x_wconf 91' lang='lat' dir='ltr'><strong>in</strong></span> <span class='ocrx_word' id='word_1_58' title='bbox 547 783 692 836; x_wconf 82' lang='lat' dir='ltr'><strong>subeundis</strong></span> <span class='ocrx_word' id='word_1_59' title='bbox 703 783 828 862; x_wconf 86' lang='lat' dir='ltr'><strong>periculis</strong></span> <span class='ocrx_word' id='word_1_60' title='bbox 838 782 1018 850; x_wconf 75' lang='lat' dir='ltr'><strong>constantiam,</strong></span> <span class='ocrx_word' id='word_1_61' title='bbox 1033 781 1059 832; x_wconf 92' lang='lat' dir='ltr'><strong>in</strong></span> 
     </span>
     <span class='ocr_line' id='line_1_9' title="bbox 159 850 1057 920; baseline -0.002 -16"><span class='ocrx_word' id='word_1_62' title='bbox 159 853 237 907; x_wconf 90' lang='lat' dir='ltr'><strong>rebus</strong></span> <span class='ocrx_word' id='word_1_63' title='bbox 249 853 399 906; x_wconf 89' lang='lat' dir='ltr'><strong>moliendis¹</strong></span> <span class='ocrx_word' id='word_1_64' title='bbox 411 851 614 920; x_wconf 86' lang='lat' dir='ltr'><strong>efficiendisque</strong></span> <span class='ocrx_word' id='word_1_65' title='bbox 626 852 802 920; x_wconf 82' lang='lat' dir='ltr'><strong>velocitatem,</strong></span> <span class='ocrx_word' id='word_1_66' title='bbox 816 853 843 905; x_wconf 91' lang='lat' dir='ltr'><strong>in</strong></span> <span class='ocrx_word' id='word_1_67' title='bbox 854 852 958 904; x_wconf 84' lang='lat' dir='ltr'><strong>deditos</strong></span> <span class='ocrx_word' id='word_1_68' title='bbox 969 850 1057 918; x_wconf 88' lang='lat' dir='ltr'><strong>fidem,</strong></span> 
     </span>
     <span class='ocr_line' id='line_1_10' title="bbox 157 920 1058 992; baseline -0.002 -18"><span class='ocrx_word' id='word_1_69' title='bbox 157 922 183 974; x_wconf 88' lang='lat' dir='ltr'><strong>ln</strong></span> <span class='ocrx_word' id='word_1_70' title='bbox 196 923 315 992; x_wconf 81' lang='lat' dir='ltr'><strong>captivos</strong></span> <span class='ocrx_word' id='word_1_71' title='bbox 327 921 507 989; x_wconf 88' lang='lat' dir='ltr'><strong>clementiam,</strong></span> <span class='ocrx_word' id='word_1_72' title='bbox 523 922 550 974; x_wconf 89' lang='lat' dir='ltr'><strong>in</strong></span> <span class='ocrx_word' id='word_1_73' title='bbox 563 920 740 990; x_wconf 84' lang='lat' dir='ltr'><strong>voluptatibus</strong></span> <span class='ocrx_word' id='word_1_74' title='bbox 757 921 893 989; x_wconf 88' lang='lat' dir='ltr'><strong>permissis</strong></span> <span class='ocrx_word' id='word_1_75' title='bbox 909 935 1014 988; x_wconf 91' lang='lat' dir='ltr'><strong>quoque</strong></span> <span class='ocrx_word' id='word_1_76' title='bbox 1031 927 1058 972; x_wconf 86' lang='lat' dir='ltr'><strong>et</strong></span> 
     </span>
     <span class='ocr_line' id='line_1_11' title="bbox 157 987 1056 1070; baseline -0.004 -26"><span class='ocrx_word' id='word_1_77' title='bbox 157 991 261 1044; x_wconf 87' lang='lat' dir='ltr'><strong>usitatis</strong></span> <span class='ocrx_word' id='word_1_78' title='bbox 270 991 480 1070; x_wconf 73' lang='lat' dir='ltr'><strong>temperantiam,</strong></span> <span class='ocrx_word' id='word_1_79' title='bbox 491 989 562 1043; x_wconf 90' lang='lat' dir='ltr'><strong>baud</strong></span> <span class='ocrx_word' id='word_1_80' title='bbox 574 990 704 1042; x_wconf 82' lang='lat' dir='ltr'><strong>tolerabili</strong></span> <span class='ocrx_word' id='word_1_81' title='bbox 713 990 765 1042; x_wconf 85' lang='lat' dir='ltr'><strong>vini</strong></span> <span class='ocrx_word' id='word_1_82' title='bbox 778 989 920 1059; x_wconf 88' lang='lat' dir='ltr'><strong>cupiditate</strong></span> <span class='ocrx_word' id='word_1_83' title='bbox 933 987 1056 1040; x_wconf 79' lang='lat' dir='ltr'><strong>foedavit.</strong></span> 
     </span>
     <span class='ocr_line' id='line_1_12' title="bbox 156 1058 1059 1128; baseline -0.003 -15"><span class='ocrx_word' id='word_1_84' title='bbox 156 1060 237 1114; x_wconf 88' lang='lat' dir='ltr'><strong>Hoste</strong></span> <span class='ocrx_word' id='word_1_85' title='bbox 249 1070 276 1113; x_wconf 90' lang='lat' dir='ltr'><strong>et</strong></span> <span class='ocrx_word' id='word_1_86' title='bbox 288 1059 394 1112; x_wconf 88' lang='lat' dir='ltr'><strong>aemulo</strong></span> <span class='ocrx_word' id='word_1_87' title='bbox 407 1075 481 1128; x_wconf 82' lang='lat' dir='ltr'><strong>regni</strong></span> <span class='ocrx_word' id='word_1_88' title='bbox 499 1067 636 1128; x_wconf 81' lang='lat' dir='ltr'><strong>reparante</strong></span> <span class='ocrx_word' id='word_1_89' title='bbox 652 1058 844 1112; x_wconf 78' lang='lat' dir='ltr'><strong>cummaxime²</strong></span> <span class='ocrx_word' id='word_1_90' title='bbox 855 1058 962 1124; x_wconf 89' lang='lat' dir='ltr'><strong>bellum,</strong></span> <span class='ocrx_word' id='word_1_91' title='bbox 976 1071 1059 1126; x_wconf 84' lang='lat' dir='ltr'><strong>nuper</strong></span> 
     </span>
     <span class='ocr_line' id='line_1_13' title="bbox 156 1126 1057 1248; baseline -0.002 -66"><span class='ocrx_word' id='word_1_92' title='bbox 156 1129 273 1182; x_wconf 74' lang='lat' dir='ltr'><strong>subantis</strong></span> <span class='ocrx_word' id='word_1_93' title='bbox 284 1145 350 1199; x_wconf 90' lang='lat' dir='ltr'><strong>quos</strong></span> <span class='ocrx_word' id='word_1_94' title='bbox 361 1128 470 1198; x_wconf 79' lang='lat' dir='ltr'><strong>vicerat,</strong></span> <span class='ocrx_word' id='word_1_95' title='bbox 484 1145 633 1248; x_wconf 70' lang='lat' dir='ltr'><strong>novumpue</strong></span> <span class='ocrx_word' id='word_1_96' title='bbox 651 1128 789 1198; x_wconf 90' lang='lat' dir='ltr'><strong>imperium</strong></span> <span class='ocrx_word' id='word_1_97' title='bbox 802 1127 1010 1198; x_wconf 80' lang='lat' dir='ltr'><strong>aspernantibus,</strong></span> <span class='ocrx_word' id='word_1_98' title='bbox 1024 1126 1057 1180; x_wconf 87' lang='lat' dir='ltr'><strong>de</strong></span> 
     </span>
     <span class='ocr_line' id='line_1_14' title="bbox 156 1195 1057 1267; baseline -0.002 -17"><span class='ocrx_word' id='word_1_99' title='bbox 156 1197 212 1251; x_wconf 82' lang='lat' dir='ltr'><strong>die³</strong></span> <span class='ocrx_word' id='word_1_100' title='bbox 223 1198 305 1251; x_wconf 90' lang='lat' dir='ltr'><strong>inibat</strong></span> <span class='ocrx_word' id='word_1_101' title='bbox 317 1197 453 1250; x_wconf 86' lang='lat' dir='ltr'><strong>convivia:</strong></span> <span class='ocrx_word' id='word_1_102' title='bbox 472 1196 568 1266; x_wconf 89' lang='lat' dir='ltr'><strong>quibus</strong></span> <span class='ocrx_word' id='word_1_103' title='bbox 597 1199 701 1250; x_wconf 89' lang='lat' dir='ltr'><strong>eminae</strong></span> <span class='ocrx_word' id='word_1_104' title='bbox 722 1199 870 1267; x_wconf 83' lang='lat' dir='ltr'><strong>intererant,</strong></span> <span class='ocrx_word' id='word_1_105' title='bbox 884 1213 932 1250; x_wconf 91' lang='lat' dir='ltr'><strong>non</strong></span> <span class='ocrx_word' id='word_1_106' title='bbox 950 1195 1057 1264; x_wconf 89' lang='lat' dir='ltr'><strong>quidem</strong></span> 
     </span>
     <span class='ocr_line' id='line_1_15' title="bbox 154 1264 1057 1336; baseline -0.003 -17"><span class='ocrx_word' id='word_1_107' title='bbox 154 1283 222 1336; x_wconf 87' lang='lat' dir='ltr'><strong>quas</strong></span> <span class='ocrx_word' id='word_1_108' title='bbox 230 1267 322 1320; x_wconf 86' lang='lat' dir='ltr'><strong>violari</strong></span> <span class='ocrx_word' id='word_1_109' title='bbox 333 1265 409 1319; x_wconf 79' lang='lat' dir='ltr'><strong>nefas</strong></span> <span class='ocrx_word' id='word_1_110' title='bbox 420 1276 498 1336; x_wconf 86' lang='lat' dir='ltr'><strong>esset,</strong></span> <span class='ocrx_word' id='word_1_111' title='bbox 512 1267 609 1336; x_wconf 88' lang='lat' dir='ltr'><strong>quippe</strong></span> <span class='ocrx_word' id='word_1_112' title='bbox 621 1265 738 1336; x_wconf 90' lang='lat' dir='ltr'><strong>pellices,</strong></span> <span class='ocrx_word' id='word_1_113' title='bbox 754 1267 876 1319; x_wconf 91' lang='lat' dir='ltr'><strong>licentius</strong></span> <span class='ocrx_word' id='word_1_114' title='bbox 888 1281 967 1334; x_wconf 86' lang='lat' dir='ltr'><strong>quam</strong></span> <span class='ocrx_word' id='word_1_115' title='bbox 980 1264 1057 1316; x_wconf 89' lang='lat' dir='ltr'><strong>dece-</strong></span> 
     </span>
     <span class='ocr_line' id='line_1_16' title="bbox 155 1334 1058 1403; baseline -0.003 -14"><span class='ocrx_word' id='word_1_116' title='bbox 155 1335 201 1389; x_wconf 82' lang='lat' dir='ltr'><strong>bat</strong></span> <span class='ocrx_word' id='word_1_117' title='bbox 213 1351 275 1390; x_wconf 90' lang='lat' dir='ltr'><strong>curn</strong></span> <span class='ocrx_word' id='word_1_118' title='bbox 286 1343 387 1388; x_wconf 82' lang='lat' dir='ltr'><strong>anneto</strong></span> <span class='ocrx_word' id='word_1_119' title='bbox 400 1335 489 1388; x_wconf 85' lang='lat' dir='ltr'><strong>vivere</strong></span> <span class='ocrx_word' id='word_1_120' title='bbox 500 1345 633 1389; x_wconf 82' lang='lat' dir='ltr'><strong>assuetae.</strong></span> <span class='ocrx_word' id='word_1_121' title='bbox 670 1337 712 1389; x_wconf 86' lang='lat' dir='ltr'><strong>Ex</strong></span> <span class='ocrx_word' id='word_1_122' title='bbox 729 1337 771 1389; x_wconf 85' lang='lat' dir='ltr'><strong>his</strong></span> <span class='ocrx_word' id='word_1_123' title='bbox 786 1353 839 1388; x_wconf 88' lang='lat' dir='ltr'><strong>una</strong></span> <span class='ocrx_word' id='word_1_124' title='bbox 850 1335 940 1403; x_wconf 85' lang='lat' dir='ltr'><strong>Thais,</strong></span> <span class='ocrx_word' id='word_1_125' title='bbox 953 1341 980 1385; x_wconf 91' lang='lat' dir='ltr'><strong>et</strong></span> <span class='ocrx_word' id='word_1_126' title='bbox 990 1334 1058 1402; x_wconf 84' lang='lat' dir='ltr'><strong>ipsa⁴</strong></span> 
     </span>
     <span class='ocr_line' id='line_1_17' title="bbox 155 1404 1058 1474; baseline -0.004 -17"><span class='ocrx_word' id='word_1_127' title='bbox 155 1405 309 1474; x_wconf 88' lang='lat' dir='ltr'><strong>temulenta,</strong></span> <span class='ocrx_word' id='word_1_128' title='bbox 322 1405 466 1458; x_wconf 85' lang='lat' dir='ltr'><strong>maximam</strong></span> <span class='ocrx_word' id='word_1_129' title='bbox 484 1404 556 1474; x_wconf 88' lang='lat' dir='ltr'><strong>apud</strong></span> <span class='ocrx_word' id='word_1_130' title='bbox 567 1420 661 1457; x_wconf 88' lang='lat' dir='ltr'><strong>ornnes</strong></span> <span class='ocrx_word' id='word_1_131' title='bbox 672 1405 787 1458; x_wconf 86' lang='lat' dir='ltr'><strong>Graecos</strong></span> <span class='ocrx_word' id='word_1_132' title='bbox 806 1405 929 1474; x_wconf 85' lang='lat' dir='ltr'><strong>initurum</strong></span> <span class='ocrx_word' id='word_1_133' title='bbox 946 1406 1058 1470; x_wconf 87' lang='lat' dir='ltr'><strong>gratiam</strong></span> 
     </span>
     <span class='ocr_line' id='line_1_18' title="bbox 154 1473 1056 1543; baseline -0.002 -17"><span class='ocrx_word' id='word_1_134' title='bbox 154 1473 277 1543; x_wconf 87' lang='lat' dir='ltr'><strong>affirmat,</strong></span> <span class='ocrx_word' id='word_1_135' title='bbox 298 1475 319 1526; x_wconf 89' lang='lat' dir='ltr'><strong>si</strong></span> <span class='ocrx_word' id='word_1_136' title='bbox 340 1474 440 1541; x_wconf 85' lang='lat' dir='ltr'><strong>regiam</strong></span> <span class='ocrx_word' id='word_1_137' title='bbox 465 1474 607 1528; x_wconf 87' lang='lat' dir='ltr'><strong>Persarum</strong></span> <span class='ocrx_word' id='word_1_138' title='bbox 627 1473 749 1542; x_wconf 86' lang='lat' dir='ltr'><strong>jussisset</strong></span> <span class='ocrx_word' id='word_1_139' title='bbox 772 1475 893 1527; x_wconf 89' lang='lat' dir='ltr'><strong>incendi:</strong></span> <span class='ocrx_word' id='word_1_140' title='bbox 918 1481 1056 1541; x_wconf 80' lang='lat' dir='ltr'><strong>expectare</strong></span> 
     </span>
     <span class='ocr_line' id='line_1_19' title="bbox 156 1539 1056 1612; baseline -0.003 -17"><span class='ocrx_word' id='word_1_141' title='bbox 156 1542 205 1596; x_wconf 89' lang='lat' dir='ltr'><strong>boc</strong></span> <span class='ocrx_word' id='word_1_142' title='bbox 222 1559 276 1612; x_wconf 85' lang='lat' dir='ltr'><strong>ecs,</strong></span> <span class='ocrx_word' id='word_1_143' title='bbox 295 1559 405 1612; x_wconf 89' lang='lat' dir='ltr'><strong>quorum</strong></span> <span class='ocrx_word' id='word_1_144' title='bbox 426 1542 506 1595; x_wconf 87' lang='lat' dir='ltr'><strong>urbes</strong></span> <span class='ocrx_word' id='word_1_145' title='bbox 524 1543 626 1596; x_wconf 89' lang='lat' dir='ltr'><strong>barbari</strong></span> <span class='ocrx_word' id='word_1_146' title='bbox 646 1541 789 1596; x_wconf 90' lang='lat' dir='ltr'><strong>delessent.</strong></span> <span class='ocrx_word' id='word_1_147' title='bbox 826 1542 904 1596; x_wconf 87' lang='lat' dir='ltr'><strong>Ebrio</strong></span> <span class='ocrx_word' id='word_1_148' title='bbox 922 1549 1005 1593; x_wconf 89' lang='lat' dir='ltr'><strong>scorto</strong></span> <span class='ocrx_word' id='word_1_149' title='bbox 1022 1539 1056 1592; x_wconf 91' lang='lat' dir='ltr'><strong>dc</strong></span> 
     </span>
     <span class='ocr_line' id='line_1_20' title="bbox 103 1609 1055 1681; baseline -0.003 -16"><span class='ocrx_word' id='word_1_150' title='bbox 103 1631 106 1636; x_wconf 93' lang='lat'><em>·</em></span> <span class='ocrx_word' id='word_1_151' title='bbox 155 1619 228 1665; x_wconf 89' lang='lat' dir='ltr'><strong>tanta</strong></span> <span class='ocrx_word' id='word_1_152' title='bbox 240 1630 269 1665; x_wconf 88' lang='lat' dir='ltr'><strong>re</strong></span> <span class='ocrx_word' id='word_1_153' title='bbox 281 1611 376 1665; x_wconf 86' lang='lat' dir='ltr'><strong>ferenti</strong></span> <span class='ocrx_word' id='word_1_154' title='bbox 389 1612 549 1666; x_wconf 85' lang='lat' dir='ltr'><strong>sententiam</strong></span> <span class='ocrx_word' id='word_1_155' title='bbox 560 1629 629 1666; x_wconf 89' lang='lat' dir='ltr'><strong>unns</strong></span> <span class='ocrx_word' id='word_1_156' title='bbox 641 1620 668 1665; x_wconf 89' lang='lat' dir='ltr'><strong>et</strong></span> <span class='ocrx_word' id='word_1_157' title='bbox 679 1611 753 1681; x_wconf 82' lang='lat' dir='ltr'><strong>alter,</strong></span> <span class='ocrx_word' id='word_1_158' title='bbox 764 1621 791 1664; x_wconf 93' lang='lat' dir='ltr'><strong>et</strong></span> <span class='ocrx_word' id='word_1_159' title='bbox 803 1611 853 1680; x_wconf 93' lang='lat' dir='ltr'><strong>ipsi</strong></span> <span class='ocrx_word' id='word_1_160' title='bbox 864 1626 937 1664; x_wconf 90' lang='lat' dir='ltr'><strong>mero</strong></span> <span class='ocrx_word' id='word_1_161' title='bbox 949 1609 1055 1678; x_wconf 88' lang='lat' dir='ltr'><strong>onerati,</strong></span> 
     </span>
     <span class='ocr_line' id='line_1_21' title="bbox 154 1677 1057 1760; baseline -0.002 -26"><span class='ocrx_word' id='word_1_162' title='bbox 154 1682 338 1736; x_wconf 86' lang='lat' dir='ltr'><strong>assentiuntur.</strong></span> <span class='ocrx_word' id='word_1_163' title='bbox 370 1681 425 1734; x_wconf 87' lang='lat' dir='ltr'><strong>Rex</strong></span> <span class='ocrx_word' id='word_1_164' title='bbox 434 1697 539 1760; x_wconf 86' lang='lat' dir='ltr'><strong>quoquc</strong></span> <span class='ocrx_word' id='word_1_165' title='bbox 547 1681 648 1734; x_wconf 84' lang='lat' dir='ltr'><strong>avidior</strong></span> <span class='ocrx_word' id='word_1_166' title='bbox 656 1680 713 1750; x_wconf 89' lang='lat' dir='ltr'><strong>suit,</strong></span> <span class='ocrx_word' id='word_1_167' title='bbox 723 1699 803 1751; x_wconf 90' lang='lat' dir='ltr'><strong>quarn</strong></span> <span class='ocrx_word' id='word_1_168' title='bbox 813 1679 965 1750; x_wconf 85' lang='lat' dir='ltr'><strong>patientior:</strong></span> <span class='ocrx_word' id='word_1_169' title='bbox 978 1677 1057 1738; x_wconf 75' lang='lat' dir='ltr'><strong>Quin</strong></span> 
     </span>
     <span class='ocr_line' id='line_1_22' title="bbox 154 1749 1058 1820; baseline -0.002 -19"><span class='ocrx_word' id='word_1_170' title='bbox 154 1750 233 1818; x_wconf 86' lang='lat' dir='ltr'><strong>igitur</strong></span> <span class='ocrx_word' id='word_1_171' title='bbox 244 1750 398 1806; x_wconf 88' lang='lat' dir='ltr'><strong>ulciscimur</strong></span> <span class='ocrx_word' id='word_1_172' title='bbox 409 1750 557 1820; x_wconf 79' lang='lat' dir='ltr'><strong>Graeciam,</strong></span> <span class='ocrx_word' id='word_1_173' title='bbox 570 1759 597 1803; x_wconf 91' lang='lat' dir='ltr'><strong>et</strong></span> <span class='ocrx_word' id='word_1_174' title='bbox 610 1749 668 1803; x_wconf 89' lang='lat' dir='ltr'><strong>urbi</strong></span> <span class='ocrx_word' id='word_1_175' title='bbox 680 1749 754 1803; x_wconf 83' lang='lat' dir='ltr'><strong>faces</strong></span> <span class='ocrx_word' id='word_1_176' title='bbox 768 1749 924 1803; x_wconf 68' lang='lat' dir='ltr'><strong>subdimus?</strong></span> <span class='ocrx_word' id='word_1_177' title='bbox 959 1749 1058 1802; x_wconf 87' lang='lat' dir='ltr'><strong>Omnes</strong></span> 
     </span>
     <span class='ocr_line' id='line_1_23' title="bbox 153 1816 1057 1889; baseline 0.002 -17"><span class='ocrx_word' id='word_1_178' title='bbox 153 1817 317 1884; x_wconf 85' lang='lat' dir='ltr'><strong>incaluerant</strong></span> <span class='ocrx_word' id='word_1_179' title='bbox 334 1833 424 1872; x_wconf 85' lang='lat' dir='ltr'><strong>merc:</strong></span> <span class='ocrx_word' id='word_1_180' title='bbox 443 1818 533 1889; x_wconf 90' lang='lat' dir='ltr'><strong>itaque</strong></span> <span class='ocrx_word' id='word_1_181' title='bbox 545 1828 654 1888; x_wconf 82' lang='lat' dir='ltr'><strong>surgunt</strong></span> <span class='ocrx_word' id='word_1_182' title='bbox 665 1818 805 1872; x_wconf 87' lang='lat' dir='ltr'><strong>temulenti</strong></span> <span class='ocrx_word' id='word_1_183' title='bbox 816 1818 850 1872; x_wconf 91' lang='lat' dir='ltr'><strong>ad</strong></span> <span class='ocrx_word' id='word_1_184' title='bbox 863 1816 1057 1874; x_wconf 80' lang='lat' dir='ltr'><strong>incendendam</strong></span> 
     </span>
     <span class='ocr_line' id='line_1_24' title="bbox 153 1887 1056 1959; baseline -0.003 -18"><span class='ocrx_word' id='word_1_185' title='bbox 153 1888 255 1958; x_wconf 91' lang='lat' dir='ltr'><strong>urbem,</strong></span> <span class='ocrx_word' id='word_1_186' title='bbox 274 1889 318 1942; x_wconf 91' lang='lat' dir='ltr'><strong>cui</strong></span> <span class='ocrx_word' id='word_1_187' title='bbox 337 1889 433 1942; x_wconf 89' lang='lat' dir='ltr'><strong>armati</strong></span> <span class='ocrx_word' id='word_1_188' title='bbox 453 1897 634 1959; x_wconf 88' lang='lat' dir='ltr'><strong>pepercerant.</strong></span> <span class='ocrx_word' id='word_1_189' title='bbox 670 1889 774 1944; x_wconf 87' lang='lat' dir='ltr'><strong>Primus</strong></span> <span class='ocrx_word' id='word_1_190' title='bbox 794 1905 841 1941; x_wconf 82' lang='lat' dir='ltr'><strong>rex</strong></span> <span class='ocrx_word' id='word_1_191' title='bbox 860 1888 949 1956; x_wconf 81' lang='lat' dir='ltr'><strong>ignem</strong></span> <span class='ocrx_word' id='word_1_192' title='bbox 970 1887 1056 1956; x_wconf 84' lang='lat' dir='ltr'><strong>regiae</strong></span> 
     </span>
     <span class='ocr_line' id='line_1_25' title="bbox 154 1955 1056 2028; baseline -0.002 -18"><span class='ocrx_word' id='word_1_193' title='bbox 154 1957 251 2028; x_wconf 83' lang='lat' dir='ltr'><strong>injecit,</strong></span> <span class='ocrx_word' id='word_1_194' title='bbox 265 1965 323 2012; x_wconf 90' lang='lat' dir='ltr'><strong>tum</strong></span> <span class='ocrx_word' id='word_1_195' title='bbox 343 1959 471 2012; x_wconf 81' lang='lat' dir='ltr'><strong>convivae</strong></span> <span class='ocrx_word' id='word_1_196' title='bbox 490 1967 517 2011; x_wconf 88' lang='lat' dir='ltr'><strong>et</strong></span> <span class='ocrx_word' id='word_1_197' title='bbox 536 1957 650 2012; x_wconf 88' lang='lat' dir='ltr'><strong>ministri</strong></span> <span class='ocrx_word' id='word_1_198' title='bbox 668 1958 840 2028; x_wconf 88' lang='lat' dir='ltr'><strong>pellicesque.</strong></span> <span class='ocrx_word' id='word_1_199' title='bbox 876 1956 964 2010; x_wconf 90' lang='lat' dir='ltr'><strong>Multa</strong></span> <span class='ocrx_word' id='word_1_200' title='bbox 977 1955 1056 2009; x_wconf 90' lang='lat' dir='ltr'><strong>cedro</strong></span> 
     </span>
     <span class='ocr_line' id='line_1_26' title="bbox 152 2022 1056 2096; baseline -0.002 -16"><span class='ocrx_word' id='word_1_201' title='bbox 152 2022 294 2081; x_wconf 74' lang='lat' dir='ltr'><strong>aedificata</strong></span> <span class='ocrx_word' id='word_1_202' title='bbox 306 2035 362 2080; x_wconf 88' lang='lat' dir='ltr'><strong>erat</strong></span> <span class='ocrx_word' id='word_1_203' title='bbox 374 2028 460 2095; x_wconf 82' lang='lat' dir='ltr'><strong>regia:</strong></span> <span class='ocrx_word' id='word_1_204' title='bbox 479 2043 550 2096; x_wconf 89' lang='lat' dir='ltr'><strong>quae</strong></span> <span class='ocrx_word' id='word_1_205' title='bbox 566 2027 689 2080; x_wconf 86' lang='lat' dir='ltr'><strong>celeriter</strong></span> <span class='ocrx_word' id='word_1_206' title='bbox 702 2028 762 2096; x_wconf 84' lang='lat' dir='ltr'><strong>igne</strong></span> <span class='ocrx_word' id='word_1_207' title='bbox 775 2034 909 2095; x_wconf 91' lang='lat' dir='ltr'><strong>concepto,</strong></span> <span class='ocrx_word' id='word_1_208' title='bbox 923 2024 976 2079; x_wconf 87' lang='lat' dir='ltr'><strong>late</strong></span> <span class='ocrx_word' id='word_1_209' title='bbox 987 2025 1056 2078; x_wconf 86' lang='lat' dir='ltr'><strong>ludit</strong></span> 
     </span>
     <span class='ocr_line' id='line_1_27' title="bbox 153 2093 1056 2165; baseline -0.002 -17"><span class='ocrx_word' id='word_1_210' title='bbox 153 2097 315 2150; x_wconf 86' lang='lat' dir='ltr'><strong>incendium.</strong></span> <span class='ocrx_word' id='word_1_211' title='bbox 345 2095 421 2152; x_wconf 83' lang='lat' dir='ltr'><strong>Quod</strong></span> <span class='ocrx_word' id='word_1_212' title='bbox 433 2096 478 2148; x_wconf 92' lang='lat' dir='ltr'><strong>ubi</strong></span> <span class='ocrx_word' id='word_1_213' title='bbox 489 2097 629 2165; x_wconf 87' lang='lat' dir='ltr'><strong>exercitus,</strong></span> <span class='ocrx_word' id='word_1_214' title='bbox 643 2096 689 2164; x_wconf 90' lang='lat' dir='ltr'><strong>qui</strong></span> <span class='ocrx_word' id='word_1_215' title='bbox 702 2095 773 2148; x_wconf 88' lang='lat' dir='ltr'><strong>hand</strong></span> <span class='ocrx_word' id='word_1_216' title='bbox 786 2095 875 2165; x_wconf 88' lang='lat' dir='ltr'><strong>procul</strong></span> <span class='ocrx_word' id='word_1_217' title='bbox 885 2094 953 2149; x_wconf 88' lang='lat' dir='ltr'><strong>urbe</strong></span> <span class='ocrx_word' id='word_1_218' title='bbox 966 2093 1056 2147; x_wconf 89' lang='lat' dir='ltr'><strong>tende·</strong></span> 
     </span>
     <span class='ocr_line' id='line_1_28' title="bbox 153 2162 1055 2243; baseline -0.001 -26"><span class='ocrx_word' id='word_1_219' title='bbox 153 2164 218 2231; x_wconf 70' lang='lat' dir='ltr'><strong>bat,⁸</strong></span> <span class='ocrx_word' id='word_1_220' title='bbox 229 2164 373 2243; x_wconf 83' lang='lat' dir='ltr'><strong>conspexit,</strong></span> <span class='ocrx_word' id='word_1_221' title='bbox 386 2163 522 2218; x_wconf 81' lang='lat' dir='ltr'><strong>fortuitum</strong></span> <span class='ocrx_word' id='word_1_222' title='bbox 539 2173 618 2233; x_wconf 88' lang='lat' dir='ltr'><strong>ratus,</strong></span> <span class='ocrx_word' id='word_1_223' title='bbox 631 2165 665 2216; x_wconf 90' lang='lat' dir='ltr'><strong>ad</strong></span> <span class='ocrx_word' id='word_1_224' title='bbox 677 2181 756 2234; x_wconf 89' lang='lat' dir='ltr'><strong>opem</strong></span> <span class='ocrx_word' id='word_1_225' title='bbox 768 2162 904 2217; x_wconf 86' lang='lat' dir='ltr'><strong>serendam</strong></span> <span class='ocrx_word' id='word_1_226' title='bbox 918 2163 1055 2218; x_wconf 88' lang='lat' dir='ltr'><strong>concurrit.</strong></span> 
     </span>
     <span class='ocr_line' id='line_1_29' title="bbox 153 2231 1054 2303; baseline 0 -17"><span class='ocrx_word' id='word_1_227' title='bbox 153 2233 204 2286; x_wconf 88' lang='lat' dir='ltr'><strong>Sed</strong></span> <span class='ocrx_word' id='word_1_228' title='bbox 217 2241 245 2287; x_wconf 89' lang='lat' dir='ltr'><strong>ut</strong></span> <span class='ocrx_word' id='word_1_229' title='bbox 257 2233 291 2285; x_wconf 90' lang='lat' dir='ltr'><strong>ad</strong></span> <span class='ocrx_word' id='word_1_230' title='bbox 304 2231 467 2286; x_wconf 82' lang='lat' dir='ltr'><strong>vestibulum</strong></span> <span class='ocrx_word' id='word_1_231' title='bbox 479 2234 568 2302; x_wconf 89' lang='lat' dir='ltr'><strong>regiae</strong></span> <span class='ocrx_word' id='word_1_232' title='bbox 580 2242 690 2287; x_wconf 84' lang='lat' dir='ltr'><strong>ventum</strong></span> <span class='ocrx_word' id='word_1_233' title='bbox 702 2243 750 2303; x_wconf 88' lang='lat' dir='ltr'><strong>est,</strong></span> <span class='ocrx_word' id='word_1_234' title='bbox 763 2233 854 2287; x_wconf 81' lang='lat' dir='ltr'><strong>vident</strong></span> <span class='ocrx_word' id='word_1_235' title='bbox 868 2249 957 2300; x_wconf 87' lang='lat' dir='ltr'><strong>regern</strong></span> <span class='ocrx_word' id='word_1_236' title='bbox 969 2234 1054 2302; x_wconf 89' lang='lat' dir='ltr'><strong>ipsum</strong></span> 
     </span>
     <span class='ocr_line' id='line_1_30' title="bbox 153 2300 1054 2373; baseline 0 -19"><span class='ocrx_word' id='word_1_237' title='bbox 153 2300 242 2354; x_wconf 89' lang='lat' dir='ltr'><strong>adbuc</strong></span> <span class='ocrx_word' id='word_1_238' title='bbox 258 2309 430 2370; x_wconf 85' lang='lat' dir='ltr'><strong>aggerentem</strong></span> <span class='ocrx_word' id='word_1_239' title='bbox 447 2301 528 2354; x_wconf 84' lang='lat' dir='ltr'><strong>laces</strong></span> <span class='ocrx_word' id='word_1_240' title='bbox 565 2301 668 2356; x_wconf 88' lang='lat' dir='ltr'><strong>Omissa</strong></span> <span class='ocrx_word' id='word_1_241' title='bbox 686 2303 769 2372; x_wconf 86' lang='lat' dir='ltr'><strong>igitur,</strong></span> <span class='ocrx_word' id='word_1_242' title='bbox 782 2319 864 2371; x_wconf 86' lang='lat' dir='ltr'><strong>quarn</strong></span> <span class='ocrx_word' id='word_1_243' title='bbox 882 2311 1054 2373; x_wconf 83' lang='lat' dir='ltr'><strong>portaverant,</strong></span> 
     </span>
     <span class='ocr_line' id='line_1_31' title="bbox 154 2370 963 2442; baseline 0.001 -19"><span class='ocrx_word' id='word_1_244' title='bbox 154 2386 232 2442; x_wconf 81' lang='lat' dir='ltr'><strong>aqua,</strong></span> <span class='ocrx_word' id='word_1_245' title='bbox 245 2371 346 2424; x_wconf 88' lang='lat' dir='ltr'><strong>aridam</strong></span> <span class='ocrx_word' id='word_1_246' title='bbox 358 2370 499 2423; x_wconf 87' lang='lat' dir='ltr'><strong>materiem</strong></span> <span class='ocrx_word' id='word_1_247' title='bbox 512 2371 539 2426; x_wconf 91' lang='lat' dir='ltr'><strong>in</strong></span> <span class='ocrx_word' id='word_1_248' title='bbox 550 2370 702 2424; x_wconf 91' lang='lat' dir='ltr'><strong>incendium</strong></span> <span class='ocrx_word' id='word_1_249' title='bbox 713 2371 801 2440; x_wconf 84' lang='lat' dir='ltr'><strong>jecere</strong></span> <span class='ocrx_word' id='word_1_250' title='bbox 813 2380 963 2442; x_wconf 87' lang='lat' dir='ltr'><strong>coeperunt.</strong></span> 
     </span>
    </p>

    <p class='ocr_par' dir='ltr' id='par_1_4' title="bbox 152 2439 1056 2582">
     <span class='ocr_line' id='line_1_32' title="bbox 190 2439 1056 2509; baseline 0.003 -18"><span class='ocrx_word' id='word_1_251' title='bbox 190 2443 230 2491; x_wconf 78' lang='lat'><strong>23.</strong></span> <span class='ocrx_word' id='word_1_252' title='bbox 248 2439 326 2492; x_wconf 87' lang='lat' dir='ltr'><strong>Hunc</strong></span> <span class='ocrx_word' id='word_1_253' title='bbox 348 2439 451 2492; x_wconf 86' lang='lat' dir='ltr'><strong>exitum</strong></span> <span class='ocrx_word' id='word_1_254' title='bbox 474 2439 567 2493; x_wconf 89' lang='lat' dir='ltr'><strong>habuit</strong></span> <span class='ocrx_word' id='word_1_255' title='bbox 591 2439 663 2508; x_wconf 87' lang='lat' dir='ltr'><strong>regia</strong></span> <span class='ocrx_word' id='word_1_256' title='bbox 686 2441 764 2493; x_wconf 88' lang='lat' dir='ltr'><strong>totius</strong></span> <span class='ocrx_word' id='word_1_257' title='bbox 786 2441 906 2509; x_wconf 90' lang='lat' dir='ltr'><strong>Orientis,</strong></span> <span class='ocrx_word' id='word_1_258' title='bbox 926 2441 996 2494; x_wconf 92' lang='lat' dir='ltr'><strong>unde</strong></span> <span class='ocrx_word' id='word_1_259' title='bbox 1020 2449 1056 2494; x_wconf 91' lang='lat' dir='ltr'><strong>tot</strong></span> 
     </span>
     <span class='ocr_line' id='line_1_33' title="bbox 152 2507 1056 2582; baseline 0.002 -20"><span class='ocrx_word' id='word_1_260' title='bbox 152 2516 246 2582; x_wconf 77' lang='lat' dir='ltr'><strong>gentes</strong></span> <span class='ocrx_word' id='word_1_261' title='bbox 264 2518 343 2560; x_wconf 87' lang='lat' dir='ltr'><strong>antea</strong></span> <span class='ocrx_word' id='word_1_262' title='bbox 360 2507 418 2577; x_wconf 84' lang='lat' dir='ltr'><strong>jura</strong></span> <span class='ocrx_word' id='word_1_263' title='bbox 435 2509 581 2580; x_wconf 80' lang='lat' dir='ltr'><strong>petebant,⁷</strong></span> <span class='ocrx_word' id='word_1_264' title='bbox 597 2509 682 2580; x_wconf 87' lang='lat' dir='ltr'><strong>patria</strong></span> <span class='ocrx_word' id='word_1_265' title='bbox 699 2517 737 2562; x_wconf 88' lang='lat' dir='ltr'><strong>tot</strong></span> <span class='ocrx_word' id='word_1_266' title='bbox 755 2525 855 2579; x_wconf 82' lang='lat' dir='ltr'><strong>regum,</strong></span> <span class='ocrx_word' id='word_1_267' title='bbox 869 2511 964 2564; x_wconf 87' lang='lat' dir='ltr'><strong>unicus</strong></span> <span class='ocrx_word' id='word_1_268' title='bbox 975 2527 1056 2580; x_wconf 88' lang='lat' dir='ltr'><strong>quou-</strong></span> 
     </span>
    </p>
   </div>
   <div class='ocr_carea' id='block_1_3' title="bbox 91 2657 1057 3365">
    <p class='ocr_par' dir='ltr' id='par_1_5' title="bbox 115 2657 1055 2778">
     <span class='ocr_line' id='line_1_34' title="bbox 182 2657 1055 2726; baseline 0 -18"><span class='ocrx_word' id='word_1_269' title='bbox 182 2665 190 2689; x_wconf 91' lang='lat'><strong>¹</strong></span> <span class='ocrx_word' id='word_1_270' title='bbox 202 2657 410 2726; x_wconf 69' lang='lat' dir='ltr'><strong>‘Undertalring3’</strong></span> <span class='ocrx_word' id='word_1_271' title='bbox 427 2657 485 2719; x_wconf 89' lang='lat' dir='ltr'><strong>only</strong></span> <span class='ocrx_word' id='word_1_272' title='bbox 497 2658 623 2719; x_wconf 88' lang='lat' dir='ltr'><strong>employed</strong></span> <span class='ocrx_word' id='word_1_273' title='bbox 640 2659 665 2706; x_wconf 89' lang='lat' dir='ltr'><strong>in</strong></span> <span class='ocrx_word' id='word_1_274' title='bbox 679 2659 799 2708; x_wconf 82' lang='lat' dir='ltr'><strong>reference</strong></span> <span class='ocrx_word' id='word_1_275' title='bbox 815 2668 841 2706; x_wconf 86' lang='lat' dir='ltr'><strong>to</strong></span> <span class='ocrx_word' id='word_1_276' title='bbox 855 2657 939 2706; x_wconf 57' lang='lat' dir='ltr'><strong>affairs*</strong></span> <span class='ocrx_word' id='word_1_277' title='bbox 951 2659 978 2707; x_wconf 86' lang='lat' dir='ltr'><strong>cl</strong></span> <span class='ocrx_word' id='word_1_278' title='bbox 988 2669 1055 2720; x_wconf 80' lang='lat' dir='ltr'><strong>great</strong></span> 
     </span>
     <span class='ocr_line' id='line_1_35' title="bbox 115 2717 884 2778; baseline -0.001 -10"><span class='ocrx_word' id='word_1_279' title='bbox 115 2725 118 2732; x_wconf 93' lang='lat'>&#39;</span> <span class='ocrx_word' id='word_1_280' title='bbox 145 2718 271 2778; x_wconf 82' lang='lat' dir='ltr'><strong>difficulty</strong></span> <span class='ocrx_word' id='word_1_281' title='bbox 283 2717 328 2766; x_wconf 89' lang='lat' dir='ltr'><strong>and</strong></span> <span class='ocrx_word' id='word_1_282' title='bbox 340 2726 494 2776; x_wconf 80' lang='lat' dir='ltr'><strong>importance.</strong></span> <span class='ocrx_word' id='word_1_283' title='bbox 882 2749 884 2752; x_wconf 95' lang='lat'>-</span> 
     </span>
    </p>

    <p class='ocr_par' dir='ltr' id='par_1_6' title="bbox 91 2774 1057 3315">
     <span class='ocr_line' id='line_1_36' title="bbox 181 2774 1055 2836; baseline 0.001 -11"><span class='ocrx_word' id='word_1_284' title='bbox 181 2776 287 2826; x_wconf 66' lang='lat' dir='ltr'><strong>&#39;‘With</strong></span> <span class='ocrx_word' id='word_1_285' title='bbox 298 2777 339 2824; x_wconf 90' lang='lat' dir='ltr'><strong>the</strong></span> <span class='ocrx_word' id='word_1_286' title='bbox 351 2785 442 2824; x_wconf 87' lang='lat' dir='ltr'><strong>utmost</strong></span> <span class='ocrx_word' id='word_1_287' title='bbox 453 2777 553 2836; x_wconf 57' lang='lat' dir='ltr'><strong>vigcurst</strong></span> <span class='ocrx_word' id='word_1_288' title='bbox 586 2774 615 2824; x_wconf 90' lang='lat' dir='ltr'><strong>ln</strong></span> <span class='ocrx_word' id='word_1_289' title='bbox 630 2777 772 2824; x_wconf 86' lang='lat' dir='ltr'><strong>connection</strong></span> <span class='ocrx_word' id='word_1_290' title='bbox 786 2775 845 2823; x_wconf 87' lang='lat' dir='ltr'><strong>wltb</strong></span> <span class='ocrx_word' id='word_1_291' title='bbox 861 2791 876 2824; x_wconf 92' lang='lat' dir='ltr'><strong>a</strong></span> <span class='ocrx_word' id='word_1_292' title='bbox 890 2785 959 2824; x_wconf 87' lang='lat' dir='ltr'><strong>tense</strong></span> <span class='ocrx_word' id='word_1_293' title='bbox 974 2777 1002 2826; x_wconf 86' lang='lat' dir='ltr'><strong>ol</strong></span> <span class='ocrx_word' id='word_1_294' title='bbox 1014 2777 1055 2826; x_wconf 87' lang='lat' dir='ltr'><strong>the</strong></span> 
     </span>
     <span class='ocr_line' id='line_1_37' title="bbox 91 2834 1057 2942; baseline 0 -58"><span class='ocrx_word' id='word_1_295' title='bbox 91 2862 96 2871; x_wconf 94' lang='lat'>·</span> <span class='ocrx_word' id='word_1_296' title='bbox 147 2844 207 2906; x_wconf 86' lang='lat' dir='ltr'><strong>past</strong></span> <span class='ocrx_word' id='word_1_297' title='bbox 218 2843 350 2898; x_wconf 73' lang='lat' dir='ltr'><strong>(reparante</strong></span> <span class='ocrx_word' id='word_1_298' title='bbox 360 2835 381 2940; x_wconf 79' lang='lat' dir='ltr'><strong>isl</strong></span> <span class='ocrx_word' id='word_1_299' title='bbox 392 2835 449 2884; x_wconf 87' lang='lat' dir='ltr'><strong>here</strong></span> <span class='ocrx_word' id='word_1_300' title='bbox 460 2836 501 2885; x_wconf 88' lang='lat' dir='ltr'><strong>the</strong></span> <span class='ocrx_word' id='word_1_301' title='bbox 508 2835 635 2942; x_wconf 68' lang='lat' dir='ltr'><strong>participle</strong></span> <span class='ocrx_word' id='word_1_302' title='bbox 650 2835 678 2883; x_wconf 86' lang='lat' dir='ltr'><strong>cf</strong></span> <span class='ocrx_word' id='word_1_303' title='bbox 688 2835 730 2882; x_wconf 88' lang='lat' dir='ltr'><strong>the</strong></span> <span class='ocrx_word' id='word_1_304' title='bbox 745 2834 888 2894; x_wconf 82' lang='lat' dir='ltr'><strong>imperfect),</strong></span> <span class='ocrx_word' id='word_1_305' title='bbox 901 2843 952 2884; x_wconf 82' lang='lat' dir='ltr'><strong>tum</strong></span> <span class='ocrx_word' id='word_1_306' title='bbox 960 2838 1057 2886; x_wconf 75' lang='lat' dir='ltr'><strong>menime</strong></span> 
     </span>
     <span class='ocr_line' id='line_1_38' title="bbox 147 2893 1057 3022; baseline 0.002 -22"><span class='ocrx_word' id='word_1_307' title='bbox 147 2893 769 3021; x_wconf 35' lang='lat' dir='ltr'><strong>¹&#39;⁸&#39;’m‘olidiesdra(llddefdrteyddde(dloseedsqildrmd&#39;t&#39;lrd‚addit</strong></span> <span class='ocrx_word' id='word_1_308' title='bbox 780 2967 855 3008; x_wconf 70' lang='lat' dir='ltr'><strong>were,</strong></span> <span class='ocrx_word' id='word_1_309' title='bbox 868 2952 945 3021; x_wconf 83' lang='lat' dir='ltr'><strong>‘stole</strong></span> <span class='ocrx_word' id='word_1_310' title='bbox 962 2969 1057 3022; x_wconf 82' lang='lat' dir='ltr'><strong>awaya</strong></span> 
     </span>
     <span class='ocr_line' id='line_1_39' title="bbox 152 2968 1055 3079; baseline 0.003 -21"><span class='ocrx_word' id='word_1_311' title='bbox 152 3019 205 3072; x_wconf 82' lang='lat' dir='ltr'><strong>part</strong></span> <span class='ocrx_word' id='word_1_312' title='bbox 216 3009 276 3059; x_wconf 86' lang='lat' dir='ltr'><strong>from</strong></span> <span class='ocrx_word' id='word_1_313' title='bbox 288 3010 329 3078; x_wconf 81' lang='lat' dir='ltr'><strong>the</strong></span> <span class='ocrx_word' id='word_1_314' title='bbox 340 3011 451 3079; x_wconf 40' lang='lat' dir='ltr'><strong>day,&#39;·by</strong></span> <span class='ocrx_word' id='word_1_315' title='bbox 462 3012 593 3079; x_wconf 77' lang='lat' dir='ltr'><strong>begrnmng</strong></span> <span class='ocrx_word' id='word_1_316' title='bbox 604 2968 645 3079; x_wconf 37' lang='lat' dir='ltr'><strong>&#39;dis</strong></span> <span class='ocrx_word' id='word_1_317' title='bbox 660 3026 739 3072; x_wconf 82' lang='lat' dir='ltr'><strong>orgres</strong></span> <span class='ocrx_word' id='word_1_318' title='bbox 755 3010 835 3079; x_wconf 79' lang='lat' dir='ltr'><strong>before</strong></span> <span class='ocrx_word' id='word_1_319' title='bbox 851 3026 963 3072; x_wconf 80' lang='lat' dir='ltr'><strong>evenrug‚</strong></span> <span class='ocrx_word' id='word_1_320' title='bbox 976 3013 1055 3061; x_wconf 79' lang='lat' dir='ltr'><strong>which</strong></span> 
     </span>
     <span class='ocr_line' id='line_1_40' title="bbox 153 3068 1055 3130; baseline 0 -12"><span class='ocrx_word' id='word_1_321' title='bbox 153 3085 203 3118; x_wconf 81' lang='lat' dir='ltr'><strong>was</strong></span> <span class='ocrx_word' id='word_1_322' title='bbox 219 3069 261 3116; x_wconf 90' lang='lat' dir='ltr'><strong>the</strong></span> <span class='ocrx_word' id='word_1_323' title='bbox 276 3068 387 3128; x_wconf 85' lang='lat' dir='ltr'><strong>ordinary</strong></span> <span class='ocrx_word' id='word_1_324' title='bbox 398 3079 465 3125; x_wconf 81' lang='lat' dir='ltr'><strong>time.</strong></span> <span class='ocrx_word' id='word_1_325' title='bbox 479 3084 504 3116; x_wconf 85' lang='lat' dir='ltr'><strong>rrr</strong></span> <span class='ocrx_word' id='word_1_326' title='bbox 518 3079 646 3130; x_wconf 81' lang='lat' dir='ltr'><strong>antiqurty‚</strong></span> <span class='ocrx_word' id='word_1_327' title='bbox 658 3070 694 3118; x_wconf 79' lang='lat' dir='ltr'><strong>lor</strong></span> <span class='ocrx_word' id='word_1_328' title='bbox 709 3069 751 3117; x_wconf 90' lang='lat' dir='ltr'><strong>the</strong></span> <span class='ocrx_word' id='word_1_329' title='bbox 766 3070 880 3130; x_wconf 86' lang='lat' dir='ltr'><strong>pnncipal</strong></span> <span class='ocrx_word' id='word_1_330' title='bbox 896 3071 960 3119; x_wconf 85' lang='lat' dir='ltr'><strong>meal</strong></span> <span class='ocrx_word' id='word_1_331' title='bbox 975 3071 1004 3118; x_wconf 88' lang='lat' dir='ltr'><strong>ol</strong></span> <span class='ocrx_word' id='word_1_332' title='bbox 1015 3071 1055 3118; x_wconf 88' lang='lat' dir='ltr'><strong>the</strong></span> 
     </span>
     <span class='ocr_line' id='line_1_41' title="bbox 152 3127 1056 3212; baseline 0 -35"><span class='ocrx_word' id='word_1_333' title='bbox 152 3129 207 3189; x_wconf 87' lang='lat' dir='ltr'><strong>day.</strong></span> <span class='ocrx_word' id='word_1_334' title='bbox 238 3127 267 3175; x_wconf 89' lang='lat' dir='ltr'><strong>In</strong></span> <span class='ocrx_word' id='word_1_335' title='bbox 282 3127 323 3175; x_wconf 89' lang='lat' dir='ltr'><strong>the</strong></span> <span class='ocrx_word' id='word_1_336' title='bbox 340 3143 414 3212; x_wconf 54' lang='lat' dir='ltr'><strong>aame‘</strong></span> <span class='ocrx_word' id='word_1_337' title='bbox 422 3143 521 3196; x_wconf 83' lang='lat' dir='ltr'><strong>manner</strong></span> <span class='ocrx_word' id='word_1_338' title='bbox 535 3131 564 3176; x_wconf 86' lang='lat' dir='ltr'><strong>de</strong></span> <span class='ocrx_word' id='word_1_339' title='bbox 574 3138 638 3178; x_wconf 80' lang='lat' dir='ltr'><strong>nocte</strong></span> <span class='ocrx_word' id='word_1_340' title='bbox 648 3129 670 3176; x_wconf 88' lang='lat' dir='ltr'><strong>is</strong></span> <span class='ocrx_word' id='word_1_341' title='bbox 682 3129 755 3178; x_wconf 80' lang='lat' dir='ltr'><strong>used:</strong></span> <span class='ocrx_word' id='word_1_342' title='bbox 772 3128 809 3176; x_wconf 88' lang='lat' dir='ltr'><strong>sor</strong></span> <span class='ocrx_word' id='word_1_343' title='bbox 824 3129 941 3211; x_wconf 61' lang='lat' dir='ltr'><strong>inspauce,</strong></span> <span class='ocrx_word' id='word_1_344' title='bbox 953 3133 982 3178; x_wconf 85' lang='lat' dir='ltr'><strong>de</strong></span> <span class='ocrx_word' id='word_1_345' title='bbox 991 3139 1056 3178; x_wconf 77' lang='lat' dir='ltr'><strong>aucte</strong></span> 
     </span>
     <span class='ocr_line' id='line_1_42' title="bbox 151 3187 1052 3315; baseline 0.001 -20"><span class='ocrx_word' id='word_1_346' title='bbox 151 3203 257 3295; x_wconf 66' lang='lat' dir='ltr'><strong>”set</strong></span> <span class='ocrx_word' id='word_1_347' title='bbox 277 3187 947 3315; x_wconf 62' lang='lat' dir='ltr'><strong>nstinaa.strrrrttrtntrnts..r</strong></span> <span class='ocrx_word' id='word_1_348' title='bbox 958 3247 1052 3296; x_wconf 62' lang='lat' dir='ltr'><strong>aaa.</strong></span> 
     </span>
    </p>

    <p class='ocr_par' dir='ltr' id='par_1_7' title="bbox 180 3303 1028 3365">
     <span class='ocr_line' id='line_1_43' title="bbox 180 3303 1028 3365; baseline 0.002 -13"><span class='ocrx_word' id='word_1_349' title='bbox 180 3313 189 3338; x_wconf 76' lang='lat'><em>⁶</em></span> <span class='ocrx_word' id='word_1_350' title='bbox 200 3303 284 3364; x_wconf 71' lang='lat' dir='ltr'><strong>‘Why</strong></span> <span class='ocrx_word' id='word_1_351' title='bbox 295 3311 336 3351; x_wconf 87' lang='lat' dir='ltr'><strong>not</strong></span> <span class='ocrx_word' id='word_1_352' title='bbox 343 3303 361 3352; x_wconf 82' lang='lat' dir='ltr'><strong>t&#39;</strong></span> <span class='ocrx_word' id='word_1_353' title='bbox 394 3304 435 3350; x_wconf 93' lang='lat' dir='ltr'><strong>An</strong></span> <span class='ocrx_word' id='word_1_354' title='bbox 445 3319 586 3364; x_wconf 81' lang='lat' dir='ltr'><strong>expression</strong></span> <span class='ocrx_word' id='word_1_355' title='bbox 596 3305 624 3353; x_wconf 83' lang='lat' dir='ltr'><strong>ol</strong></span> <span class='ocrx_word' id='word_1_356' title='bbox 631 3315 773 3364; x_wconf 85' lang='lat' dir='ltr'><strong>rmpatrence</strong></span> <span class='ocrx_word' id='word_1_357' title='bbox 785 3305 831 3354; x_wconf 89' lang='lat' dir='ltr'><strong>and</strong></span> <span class='ocrx_word' id='word_1_358' title='bbox 842 3305 916 3365; x_wconf 85' lang='lat' dir='ltr'><strong>qurek</strong></span> <span class='ocrx_word' id='word_1_359' title='bbox 927 3307 1028 3354; x_wconf 84' lang='lat' dir='ltr'><strong>resolve.</strong></span> 
     </span>
    </p>
   </div>
   <div class='ocr_carea' id='block_1_4' title="bbox 142 3362 1055 3544">
    <p class='ocr_par' dir='ltr' id='par_1_8' title="bbox 142 3362 1055 3544">
     <span class='ocr_line' id='line_1_44' title="bbox 179 3362 702 3472; baseline -0.004 -60"><span class='ocrx_word' id='word_1_360' title='bbox 179 3369 189 3395; x_wconf 83' lang='lat'>⁸</span> <span class='ocrx_word' id='word_1_361' title='bbox 215 3362 345 3472; x_wconf 44' lang='lat' dir='ltr'><strong>&amp;rivalem</strong></span> <span class='ocrx_word' id='word_1_362' title='bbox 356 3371 382 3431; x_wconf 81' lang='lat' dir='ltr'><strong>to</strong></span> <span class='ocrx_word' id='word_1_363' title='bbox 392 3365 434 3430; x_wconf 70' lang='lat' dir='ltr'><strong>aab</strong></span> <span class='ocrx_word' id='word_1_364' title='bbox 442 3364 550 3411; x_wconf 72' lang='lat' dir='ltr'><strong>tentoriis</strong></span> <span class='ocrx_word' id='word_1_365' title='bbox 561 3371 619 3432; x_wconf 69' lang='lat' dir='ltr'><strong>erut.</strong></span> <span class='ocrx_word' id='word_1_366' title='bbox 675 3422 679 3432; x_wconf 40' lang='grc' dir='ltr'>Ι</span> <span class='ocrx_word' id='word_1_367' title='bbox 697 3422 702 3433; x_wconf 91' lang='lat'><strong>.</strong></span> 
     </span>
     <span class='ocr_line' id='line_1_45' title="bbox 142 3420 1055 3544; baseline 0 -72"><span class='ocrx_word' id='word_1_368' title='bbox 142 3421 504 3544; x_wconf 47' lang='lat' dir='ltr'><strong>bddrigldgthdndhfddrlldffihm’</strong></span> <span class='ocrx_word' id='word_1_369' title='bbox 518 3420 570 3470; x_wconf 85' lang='lat' dir='ltr'><strong>that</strong></span> <span class='ocrx_word' id='word_1_370' title='bbox 585 3437 616 3480; x_wconf 86' lang='lat' dir='ltr'><strong>rs,</strong></span> <span class='ocrx_word' id='word_1_371' title='bbox 628 3420 749 3516; x_wconf 64' lang='lat' dir='ltr'><strong>decisione</strong></span> <span class='ocrx_word' id='word_1_372' title='bbox 763 3422 791 3472; x_wconf 82' lang='lat' dir='ltr'><strong>cl</strong></span> <span class='ocrx_word' id='word_1_373' title='bbox 803 3423 869 3524; x_wconf 80' lang='lat' dir='ltr'><strong>what</strong></span> <span class='ocrx_word' id='word_1_374' title='bbox 884 3421 944 3483; x_wconf 87' lang='lat' dir='ltr'><strong>they</strong></span> <span class='ocrx_word' id='word_1_375' title='bbox 954 3437 1018 3472; x_wconf 85' lang='lat' dir='ltr'><strong>were</strong></span> <span class='ocrx_word' id='word_1_376' title='bbox 1029 3431 1055 3472; x_wconf 90' lang='lat' dir='ltr'><strong>tc</strong></span> 
     </span>
    </p>
   </div>
   <div class='ocr_carea' id='block_1_5' title="bbox 0 0 1210 3890">
    <p class='ocr_par' dir='ltr' id='par_1_9' title="bbox 0 0 1210 3890">
     <span class='ocr_line' id='line_1_46' title="bbox 0 0 1210 3890; baseline 0 2"><span class='ocrx_word' id='word_1_377' title='bbox 0 0 1210 3890; x_wconf 95' lang='lat' dir='ltr'><strong> </strong></span> 
     </span>
    </p>
   </div>
  </div>
 </body>
</html>
