2314 3886
468 279 561 320 urana
582 281 644 321 vrrr.
946 258 1006 320 'aar

10 415 23 444 2:
103 387 239 458 exultaru,¹
258 403 292 440 ne
312 387 424 442 invisam
443 387 629 443 liberalitatem
647 408 737 444 meam
756 390 861 460 faciam,
879 382 1012 468 sis'pu'dor‘i

101 465 189 510 vestro
200 474 309 526 gravem
321 457 418 511 seuero.
453 460 549 512 Totum
563 462 707 514 exereitum
727 461 851 530 aspicite:
870 477 915 528 qur
935 460 1012 528 paulo

102 537 164 580 ante
194 528 257 580 nihil
287 538 390 597 praeter
418 545 493 581 arma
522 529 644 600 habebat,
673 547 742 583 nuno
771 529 904 598 argenteis
932 530 1012 584 orabat

12 603 38 656 ’,ς’
102 597 179 650 lectis
187 599 206 666 3²
216 613 323 650 mensas
334 615 397 650 auro
415 609 531 668 onerant,
545 617 677 652 servorum
697 617 791 668 greges
808 599 920 669 duount,
930 599 1012 670 apulia

15 700 34 728 r.
102 665 136 720 de
160 665 281 720 hostibus
301 668 430 720 sustinere
449 685 500 721 non
521 679 637 738 possunt.
674 673 708 723 At
729 671 801 722 enirn
822 669 926 736 Persae,
947 685 1013 738 quos

10 769 36 803 ,;„
103 737 224 804 vicimus,
237 738 262 790 in
277 753 372 805 magno
385 737 482 791 honore
501 750 561 790 suut
580 739 655 810 apud
665 738 722 790 me!
762 737 907 806 Equidem⁸
924 739 1013 791 mode-

16 831 35 868 ,5
103 807 210 860 rationis
239 823 315 859 meae
346 807 524 860 certissimum
550 809 678 861 iudicium
709 816 757 876 est,
782 807 851 876 quod
878 824 912 859 ne
937 807 1014 860 vietis

102 873 213 997 puidem
231 875 345 946 superbe
363 878 472 946 impero.
508 878 575 930 Veni
596 879 668 931 enim
686 878 712 930 in
725 878 825 946 Asiam,
839 893 889 928 non
910 888 937 928 ut
955 879 1014 930 sun·

16 978 29 1000 2·
123 947 176 997 itus
193 956 343 998 everterem
359 955 461 1015 gentes,
475 963 524 998 neo
538 958 565 1000 ut
578 947 689 1000 dimidia
707 956 781 1016 parte
800 939 938 998 terrarum⁴
949 946 1014 1000 'suli-

10 995 32 1086 {J
103 1014 222 1068 tudinem
235 1015 358 1084 lacerem,
370 1017 416 1068 sed
431 1025 458 1069 ut
470 1016 535 1085 illos,
545 1033 611 1086 quos
623 1017 693 1069 bello
706 1016 880 1085 subegissern,
892 1016 1015 1068 victuriae

10 1093 32 1154 ᾖ,
102 1101 181 1137 meae
205 1102 255 1137 non
277 1085 443 1154 poeniteret.⁶
478 1085 570 1156 ltaque
595 1087 708 1139 militant
731 1086 877 1152 vobiscum,
900 1102 946 1155 pro
967 1085 1014 1138 im·

102 1154 174 1224 perio
186 1163 273 1206 vestro
286 1157 443 1224 sanguinem
460 1155 581 1223 fundunt,
594 1156 643 1225 qui·
659 1155 771 1225 superbe
789 1155 872 1208 habiti
891 1155 1015 1208 rebellas·

11 1255 33 1295 ,
103 1235 170 1276 sent.
206 1225 265 1276 Non
278 1234 319 1277 est
330 1225 454 1277 diuturna
466 1227 604 1294 possessio,
618 1227 644 1278 in
658 1242 739 1294 quam
750 1225 838 1293 gladio
850 1223 1014 1279 inducimur:

102 1292 291 1346 beneficiorum
310 1295 393 1362 gratia
413 1295 574 1363 sempiterna
594 1304 644 1348 est.
681 1294 706 1347 Si
727 1294 827 1348 habere
845 1295 947 1365 Asiam,
964 1311 1015 1348 non

10 1377 33 1434 s,
103 1363 213 1417 transire
225 1363 354 1432 volumus,
369 1381 431 1417 oum
443 1363 486 1416 his
498 1363 720 1417 communicanda
739 1373 778 1417 est
796 1373 882 1418 nostra
899 1365 1016 1418 elemen-

16 1467 31 1504 ᾗ
102 1433 155 1502 tia,
180 1431 274 1486 horum
295 1432 363 1487 fides
382 1432 476 1486 stabile
494 1441 521 1486 et
538 1444 677 1488 aeternum
695 1434 776 1486 faoiet
795 1435 946 1504 imperium.
982 1435 1016 1488 Et

102 1501 486 1573 sarrepluahabemus,quam
503 1504 630 1624 capimus.
668 1503 829 1558 Insatiabilis
845 1512 938 1557 autem
955 1519 1017 1557 ava·

10 1608 30 1650 „
102 1572 177 1625 ritiae
194 1581 242 1642 est,
260 1572 350 1626 adhue
367 1573 472 1643 impleri
488 1573 530 1625 vel

10 1671 28 1696 ;.-
102 1643 262 1695 rumtamam
285 1659 377 1696 eorum
406 1659 494 1695 mures
518 1644 544 1694 in
568 1643 733 1695 Macedonas
762 1641 936 1696 transfundo!
986 1641 1015 1696 ln

10 1701 23 1782 l.
101 1711 194 1764 multis
217 1714 291 1766 enim
314 1711 438 1780 gentibus
462 1727 522 1764 esse
546 1712 632 1781 video,
657 1729 726 1782 quae
750 1729 800 1764 non
826 1711 1018 1764 erubescamus

101 1781 214 1849 imitari,
233 1798 284 1833 neo
301 1781 378 1833 aliter
394 1790 496 1833 tanturn
517 1780 659 1850 imperium
677 1792 740 1850 apte
759 1780 814 1850 regi
826 1781 921 1852 potest,
935 1797 1016 1852 quam

10 1901 11 1906 ,
101 1859 131 1904 ut
144 1849 277 1919 quaedam
291 1859 317 1902 et
330 1849 466 1903 tradamus
477 1849 539 1919 illis,
552 1858 579 1902 et
591 1850 627 1902 ab
639 1850 736 1903 iisdem
749 1851 894 1904 discamus.

10 1969 12 1986 ,
137 1925 180 1972 28.
199 1918 268 1972 Illud
281 1913 366 1988 paene
379 1920 432 1971 risu
444 1919 554 1986 dignum
572 1918 629 1985 fuit,
642 1919 712 1989 quod
725 1921 884 1972 Hermolaus
902 1917 1017 1989 postula-

10 1987 13 2002 ‘
74 2033 82 2049 ,
102 1988 147 2042 bat
166 2006 182 2040 a
200 2006 253 2058 me,
266 1996 295 2040 ut
313 2003 448 2040 aversarer
465 1989 568 2056 Jovern,
585 1989 663 2058 cujus
680 1989 784 2042 oraoulu
803 2004 938 2056 agnoscor,
974 1991 1017 2042 An

10 2069 26 2126 ᾗ
101 2058 183 2110 etiam
202 2057 265 2126 quid
283 2057 321 2110 dii
340 2057 523 2127 respondeant,
543 2059 570 2110 in
588 2075 649 2111 mea
668 2066 798 2128 potestate
816 2057 875 2110 estl
916 2057 1017 2112 Obtulit

12 2161 18 2189 ς
101 2127 168 2181 mihi
189 2127 236 2180 filii
256 2144 360 2193 nornen,
383 2127 501 2196 recipere
525 2127 589 2196 ipsis
609 2127 698 2196 rebus,
721 2145 787 2198 quas
810 2128 922 2196 agimus,
944 2125 1016 2181 haud

99 2198 220 2250 alienum
233 2197 303 2252 suit.⁹
338 2193 444 2250 Utinam
463 2197 521 2250 lndi
539 2214 643 2266 quoque
662 2197 742 2251 deum
760 2215 820 2250 esse
833 2214 876 2250 me
889 2197 1014 2250 credant!

14 2291 25 2310 ν
102 2267 185 2320 Fama
203 2269 275 2320 enirn
294 2265 365 2321 bella
382 2266 522 2330 constant,l
540 2275 565 2319 et
583 2285 664 2336 saepe
677 2269 759 2321 etiam
770 2267 841 2336 quod
855 2266 921 2319 falso
933 2261 1016 2320 oredi-

102 2347 158 2390 tum
178 2345 219 2389 est
237 2338 292 2390 veri
307 2337 393 2390 vioem
412 2336 533 2389 obtinuit.
569 2338 610 2389 An
631 2354 675 2390 me
694 2337 812 2390 luxuriae
833 2336 1016 2405 indulgentem

101 2406 200 2476 putatis
220 2424 295 2460 arma
314 2416 401 2459 vestra
424 2422 487 2458 auro
510 2416 672 2475 argentoque
696 2405 863 2460 adornasse?
894 2406 1016 2460 Assuetis

18 2543 19 2546 Ἴ
100 2475 167 2528 uihil
188 2476 265 2530 vilius
283 2472 334 2529 ha'o
353 2475 437 2528 videri
456 2476 568 2582 matiria
588 2476 658 2529 volui
682 2477 830 2546 ostendere,
851 2475 1016 2529 Macedonas

130 2638 137 2660 ¹
152 2631 242 2680 Testem
253 2633 353 2682 moitura
364 2630 385 2678 is
396 2646 412 2679 a
421 2645 533 2678 common
548 2631 700 2689 expression,
712 2635 752 2678 ‘to
768 2628 816 2678 call
831 2645 858 2678 or
872 2644 986 2678 summan
1000 2645 1015 2678 a

10 2683 20 2698 ²
100 2691 219 2740 witness!

128 2757 140 2840 ζ
149 2750 214 2798 Beda
223 2765 288 2798 were
298 2748 435 2809 frequently
446 2747 551 2796 adorned
561 2747 621 2796 with
632 2748 706 2796 silvar-
716 2739 822 2808 or'irury
831 2747 968 2810 bordariug.

130 2809 393 2928 “S‘el'ehidtieglioril5lrall
405 2866 446 2913 the
458 2865 551 2914 world!

132 2936 140 2959 ⁸
150 2927 230 2974 ‘That
239 2927 379 3034 thepmight
386 2934 428 2972 not
437 2927 466 2972 be
475 2924 589 2973 ashamad
597 2925 625 2973 of
628 2941 668 2986 my
675 2925 768 2986 victory
776 2926 793 2982 ς’
802 2925 854 2975 that
861 2925 891 2981 ia.
900 2926 1014 2987 mightba

12 2991 16 3036 l
100 2986 281 3036 contentedwit
310 2987 336 3033 it.
355 2985 461 3034 Paenitet
473 2983 516 3032 has
524 2986 588 3032 osten
597 2985 646 3033 this
655 2985 824 3045 signification,
834 3003 852 3034 e.
858 3003 893 3048 g..
904 3002 952 3035 noa
959 3005 1012 3050 pue-

102 3043 1014 3210 ’²21aflrrrtatattenuareturattitulattltrrort

195 3179 238 3209 w¹
799 3191 800 3194 ,

101 3178 296 3282 ov'ellduilalant
307 3229 333 3268 to
344 3230 377 3276 at.
390 3220 436 3268 and
448 3220 600 3282 introducing
616 3222 655 3277 the
667 3222 792 3282 quotation
807 3222 835 3271 ol
846 3238 877 3272 au
891 3223 1013 3284 objection

103 3281 173 3332 made
184 3282 217 3340 by
228 3279 268 3327 tha
280 3295 386 3329 accuser.

130 3346 140 3371 ⁸
153 3339 224 3388 ‘The
233 3339 358 3408 accepting
365 3338 392 3385 of
399 3339 417 3386 it
424 3338 468 3388 has
477 3349 518 3388 not
526 3340 587 3388 beau
594 3341 730 3390 unsuitable
737 3339 774 3390 sur
782 3345 831 3393 tor‘
840 3339 1013 3400 unproduetiva

102 3401 131 3451 ol
140 3400 274 3459 advantage
286 3399 329 3452 m')
340 3413 383 3446 our
393 3398 567 3460 undertakings
579 3399 743 3448 themselves!
777 3400 824 3448 See
838 3401 916 3448 Grata.
928 3399 942 3450 l
953 3401 1005 3448 ΜΒ.

132 3469 141 3494 ’
153 3464 236 3512 ‘Wars
247 3478 286 3510 are
298 3462 428 3532 supported
439 3463 541 3545 bplume
550 3465 567 3522 ;'
580 3464 670 3519 thetis,
683 3465 737 3513 ‘the
748 3464 811 3514 larue
820 3463 848 3513 ul
854 3461 1014 3526 invincibilily

104 3521 383 3573 isthesureatbasrsol
394 3537 451 3572 war.
493 3521 740 3584 aestumatum.
865 3537 867 3542 ·
967 3539 992 3546 ·’

210 3587 240 3636 to
587 3600 605 3639 r.

544 1573 579 1642 e,⁸
596 1574 665 1643 quod
683 1573 739 1643 jam
758 1574 928 1626 circumfluit.
965 1573 1017 1626 Ve-
1098 1615 1101 1617 .
