2264 3880
156 203 216 262 wo
422 217 462 258 aa
485 217 592 260 asarta
614 217 799 260 aaaxsncar.

155 327 269 384 militiae
284 324 369 396 maior
386 333 413 380 et
430 325 530 395 clarior,
544 325 648 380 modico
666 325 800 396 civilique¹
812 325 902 395 cultu,
918 325 1037 382 liberalis
1047 327 1066 378 iu

176 397 256 465 rimis,
265 395 393 466 adituque
405 395 485 465 facili,
499 395 564 448 nihil
576 414 611 450 ex
622 395 691 449 fastu
705 397 793 464 regiae
805 406 1009 464 assumpserat.
1036 395 1066 448 Ob

156 415 225 522 iaec
243 465 299 532 regi
317 482 351 518 an
369 465 538 536 popularibus
554 466 636 518 carior
653 473 732 534 esset,
751 464 867 518 dubitari
886 475 1006 534 poterat,
1021 475 1066 518 turn

157 542 229 588 certe
247 533 362 604 primum
384 545 509 604 expertus
528 551 635 588 suorum
655 536 766 602 animos,
787 533 859 586 adeo
878 544 911 586 ut
933 535 1065 600 fortunam,

158 604 184 658 in
197 617 277 673 quatu
290 611 382 672 postea
394 604 520 674 ascendit,
534 603 562 656 in
580 603 624 656 illo
641 603 757 684 periculo
772 603 948 656 Macedones
966 605 1066 657 ominati

157 689 217 726 esse
230 672 375 726 videantur.
412 672 516 745 Quippe
534 689 584 726 non
602 673 686 726 levior
702 673 755 726 illis
772 671 927 724 Ptolemaei
943 673 995 725 fnit
1008 689 1065 736 cura,

157 759 239 812 quam
256 742 338 810 regis:
358 741 404 812 qui
416 753 443 794 et
455 742 552 812 proelio
565 750 592 794 et
604 742 778 794 sollicitudine
791 741 927 808 fatigatus
940 761 1007 795 cum
1022 743 1065 794 Pto

157 811 261 866 lemaeo
278 811 413 880 assideret,
427 811 526 864 lectum
544 811 570 864 iu
589 827 641 880 quo
660 811 716 878 ipse
734 810 935 880 acquiesceret,
949 811 1029 881 jussit
1039 813 1066 862 iu·

157 879 227 934 ferri.
262 879 293 933 In
313 897 394 948 quem
413 887 442 934 ut
462 897 491 933 se
511 881 618 950 recepit,
637 880 754 949 protinus
771 879 847 937 altior
868 879 1019 934 insecutus
1037 893 1066 931 est

157 967 273 1003 somnus.
309 951 352 1003 Ex
369 965 421 1018 quo
441 950 579 1018 excitatus,
597 965 645 1018 per
662 950 780 1018 quietem
793 948 896 1000 vidisse
918 967 951 1002 se
972 952 1067 1019 exponit

157 1020 276 1090 speciem
287 1019 408 1072 draconis
418 1018 554 1087 oblatam,²
566 1017 676 1072 herbam
689 1017 798 1070 ferentis
810 1033 864 1084 ore,
878 1035 968 1086 quam
981 1019 1066 1072 veneni

158 1088 308 1142 remedium
326 1105 385 1140 esse
404 1097 588 1140 monstrasset:
609 1089 724 1140 colorem
739 1103 844 1157 quoque
857 1086 967 1140 herbae
982 1090 1067 1142 refere-

157 1157 210 1228 bat,
234 1158 403 1227 agniturum„
418 1158 441 1212 si
465 1157 525 1226 quis
548 1173 575 1209 re
595 1158 712 1226 perisset,
736 1156 883 1209 affirmans.
932 1157 1067 1210 Iuventam

157 1225 262 1296 deiude,
272 1227 370 1296 quippe
382 1244 398 1278 a
408 1175 654 1280 matesuindam
668 1227 800 1294 requisita,
810 1225 918 1278 vulneri
930 1229 1066 1296 imposuit:

156 1296 325 1365 protinusque
337 1295 426 1348 dolore
439 1295 519 1366 finito,
533 1295 600 1348 intra
612 1295 692 1348 breve
709 1296 823 1364 spatium
836 1295 955 1374 cicatriar
969 1313 1067 1366 quoque

156 1363 270 1418 obducta
288 1372 338 1417 est.
374 1363 501 1416 Barbaros
518 1372 547 1417 ut
559 1365 644 1434 prima
662 1381 723 1434 spes
740 1363 880 1432 fefellerat,
897 1383 929 1417 se
948 1384 1025 1435 ipsos
1037 1384 1067 1418 nr-

156 1432 272 1502 bamque
284 1432 449 1486 dediderunt.

190 1506 231 1555 34.
256 1503 323 1556 Hinc
359 1502 384 1555 iu
422 1501 569 1571 proximam
600 1511 707 1570 gentem
738 1501 879 1556 Pataliam³
911 1515 1067 1572 perventum

156 1581 203 1624 est.
240 1572 297 1626 Rex
325 1581 380 1625 erat
409 1571 516 1639 Moeris,
541 1571 587 1641 qui
610 1571 675 1624 urbe
699 1572 805 1625 deserta
828 1573 854 1624 in
880 1583 998 1626 montes
1021 1590 1067 1644 pro

156 1641 267 1710 fugerat.
303 1642 395 1711 ltaque
414 1641 566 1702 Alexander
585 1641 682 1710 oppido
706 1641 809 1711 potitur,
830 1657 971 1711 agrosque
995 1660 1067 1712 popu·

156 1711 229 1764 latur.
266 1711 382 1780 Magnae
401 1711 462 1764 inde
480 1709 595 1780 praedae
612 1719 689 1763 actae
708 1719 768 1762 suut
785 1727 918 1780 pecorum
938 1723 1067 1766 armento·

156 1782 286 1850 mmquc,⁴
314 1797 411 1848 magna
437 1778 479 1832 ris
508 1787 611 1848 reperta
641 1779 774 1832 frumenti.
818 1779 943 1832 Ducibus
976 1781 1068 1834 deinde

155 1850 268 1919 sumptis
291 1851 378 1904 amnis
400 1849 498 1919 peritis,
518 1848 635 1911 ,defluxit
661 1847 698 1903 ad
727 1847 841 1902 insulam
865 1849 962 1902 medic
989 1851 1067 1904 ferrae

153 1918 230 1974 alveo
253 1927 369 1974 enatam.
414 1918 453 1972 lbi
473 1918 574 1971 diutius
597 1917 740 1972 subsistere
763 1927 878 1987 coactus,
899 1919 970 1987 quia
992 1921 1068 1973 duces

154 1988 288 2042 socordius
305 1989 433 2042 asservati
450 1987 626 2058 profugerant,
640 1988 712 2040 misit
724 1989 770 2056 qui
783 1988 977 2056 conquirerent
992 1990 1067 2042 alios:

153 2061 203 2109 nec
222 2059 337 2128 repertis,
352 2059 477 2128 pervicax
496 2055 591 2125 cupido
609 2057 712 2110 visendi
730 2058 875 2126 Oceanum,
894 2057 1069 2128 adeundique

153 2127 279 2180 terminos
298 2127 397 2194 mundi,
417 2127 475 2180 siue
495 2125 607 2194 regionis
623 2126 726 2196 peritis,
745 2125 850 2178 flumini
875 2125 972 2194 ignoto
993 2137 1068 2198 caput

152 2209 238 2264 suuuq
268 2204 358 2264 totque
388 2196 590 2248 fortissimorum
615 2195 730 2249 virorum
760 2195 874 2247 salutern
910 2199 1067 2264 permittere

153 2263 280 2343 [coegiqt
314 2264 481 2334 Navigabant
510 2281 572 2332 ergo
601 2265 720 2318 omnium
749 2281 796 2333 per
810 2281 887 2333 ,quae
912 2267 1069 2320 ferebantur

149 2333 242 2400 ignari.
278 2333 411 2391 Quantum
429 2332 491 2387 inde
509 2333 616 2388 abesset
635 2351 717 2402 mare,
736 2349 804 2402 quae
824 2342 922 2401 gentes
940 2336 1068 2403 colerent,

153 2415 235 2470 quam
258 2403 394 2472 placidum
411 2403 498 2456 amnis
516 2419 552 2472 os,
572 2420 653 2472 quam
673 2405 777 2474 patiens
796 2402 937 2470 longarum
958 2407 1068 2458 navium

152 2479 231 2540 esset,
243 2487 343 2541 anceps
360 2479 388 2524 et
405 2487 487 2532 caeca
504 2473 654 2526 aestimatio
666 2471 869 2540 'augurabatur‘
906 2473 1005 2528 Unum
1018 2483 1068 2527 erat

164 2643 169 2653 ‚
181 2589 188 2612 ¹
202 2583 373 2654 ‘citizen-like
385 2585 455 2656 dress¹
464 2584 510 2634 and
521 2585 590 2656 other
600 2587 691 2657 private
702 2585 908 2655 arrangementsr’
928 2586 954 2633 in
973 2589 1066 2647 opposi-

152 2651 243 2764 {10ng
245 2649 260 2750 ἑ
261 2643 392 2751 prppqeLyff⁸
404 2660 568 2762 rqgquaoqrffirer
576 2718 605 2763 pn
616 2649 676 2751 wip,
688 2662 714 2694 as
726 2661 747 2693 ts
758 2644 879 2692 rudrcated
891 2660 907 2692 a
918 2644 988 2694 little
1001 2647 1066 2701 after,

169 2717 189 2792 γ’
200 2721 392 2832 oblatamgrdfglq
400 2717 462 2810 inve
471 2763 532 2810 been
541 2761 655 2832 omitted:
666 2780 709 2824 per
718 2765 815 2822 quietem
823 2779 848 2811 re
856 2764 950 2811 uidisse
959 2768 1065 2834 speciem,

151 2821 1066 2949 laudattlttllttt'lsaltatui,iltilfftlzllttlli,
1106 2888 1107 2908 ι

152 2937 265 2986 formast
282 2947 313 2985 rts
329 2937 423 2995 mouth,
441 2937 488 2986 and
503 2937 592 2995 which,
610 2954 636 2986 as
653 2939 708 2987 well
724 2955 750 2986 as
766 2948 797 2987 rts
813 2939 931 3000 prmarpal
947 2949 1031 2998 town,
1048 2943 1066 2990 is

151 2995 229 3044 called
240 2997 272 3056 by
282 2997 351 3044 other
362 2997 456 3047 writers
468 2997 560 3046 Patala

179 3055 336 3102 ‘Armentam
351 3056 372 3103 is
390 3059 419 3103 ‘a
434 3055 493 3104 herd
508 3055 536 3103 of
550 3055 622 3104 black
638 3055 710 3111 cattle
719 3055 736 3104 ι’
751 3073 833 3118 pecora
848 3071 906 3116 may
918 3057 1022 3108 include
1038 3059 1067 3108 al:

150 3112 220 3162 other
231 3113 302 3161 kinds
313 3113 342 3160 of
348 3113 430 3170 cattle,
443 3115 486 3162 but
502 3130 582 3163 seems
598 3115 655 3163 here
671 3124 697 3164 to
712 3130 783 3162 mean
796 3115 903 3175 ‘sheepz’
939 3117 995 3166 We
1012 3134 1067 3178 may

151 3171 269 3222 therefore
285 3172 400 3220 translate
416 3189 497 3234 perosa
513 3183 670 3234 emeatoque,
688 3175 720 3233 by
736 3189 767 3221 an
782 3175 924 3232 expression
936 3177 1025 3226 which
1038 3179 1066 3225 its

150 3247 194 3280 use
205 3230 229 3280 in
240 3229 281 3278 the
293 3229 395 3290 English
406 3231 584 3288 translationes
591 3232 632 3282 the
643 3231 714 3282 Bible
725 3233 769 3282 has
777 3233 847 3282 made
855 3249 916 3292 very
925 3233 1036 3286 familiar
1044 3247 1066 3284 to

151 3305 188 3345 us,
204 3289 295 3356 ‘flqclrs
306 3289 353 3356 and
363 3288 451 3356 herda}
484 3289 650 3339 dementantis
661 3292 753 3351 always
766 3294 874 3340 ‘abeast
885 3292 914 3340 of
927 3295 1055 3344 burthen'

180 3355 188 3378 ¹
199 3346 261 3394 Thra
270 3347 336 3394 word
347 3361 368 3394 rs
379 3357 486 3414 wanting
497 3348 524 3403 iu¹
532 3349 572 3396 the
583 3351 758 3409 manuscripts;
775 3351 817 3398 but
830 3349 907 3398 either
919 3351 947 3408 it,
958 3369 991 3402 or
1000 3369 1066 3402 some

148 3405 885 3528 ‘ttlyttlttt‘lrllitttttlttftllt‘tfltttlttt
895 3481 925 3516 a
934 3471 1067 3532 gnesen

147 3515 237 3578 maht
246 3529 273 3568 to
282 3519 417 3569 ascertain!
