2264 3880
148 163 208 220 m
414 178 453 218 nr
477 177 586 218 orsrrr
606 177 792 218 rauranum.

147 288 173 342 iu
196 287 332 355 regionem
355 286 471 356 lloriton,
490 285 553 340 inde
577 285 689 338 totidem
710 283 807 338 diebus
826 284 852 338 in
874 282 1055 338 Cedrosiorum

146 365 305 426 perventum
317 365 366 408 est.
401 355 480 410 Liber
491 355 535 408 hio
552 354 664 426 populus
676 354 787 406 concilio
799 353 897 406 habito
910 351 1016 405 dedidit
1026 369 1054 420 se,

147 441 197 478 neo
220 425 362 494 quicquam
385 425 483 478 deditis
505 433 607 494 praeter
630 433 796 477 commeatus
820 425 994 494 imperatum
1016 430 1053 474 est

147 493 244 552 Quinto
258 495 319 548 hinc
330 494 375 548 die
387 493 459 548 venit
471 493 506 546 ad
517 494 634 548 flumen:
653 493 770 551 Arabum
788 491 900 546 incolae
920 491 1054 561 appellant.

141 563 228 630 Regio
240 563 344 617 deserta
357 576 384 616 et
402 581 531 632 aquarum
552 564 627 632 inops
645 562 758 632 excipit:
778 579 863 630 quarn
887 560 1054 614 emensrrsiu

146 631 253 686 Horitas
276 632 374 688 transit.
417 633 457 686 lbi
481 631 609 702 majorem
635 631 767 684 exercitus
792 633 904 700 partem
928 629 1054 700 Hephaes

147 701 210 756 tioni
224 702 336 773 tradidit,
349 701 438 756 levem
449 711 610 755 armaturam
623 718 684 756 oum
697 699 851 754 Ptolemaeo
870 699 1054 768 Leonnatoque

146 771 257 840 partitus
276 782 325 824 est.
362 773 423 824 Tria
440 771 520 824 simul
538 771 645 838 agmina
662 769 855 838 populabantur
877 767 975 838 Indos,
996 785 1054 835 mag·

147 857 250 910 uaeque
270 842 383 911 praedae
399 850 477 893 actae
495 850 571 894 sunt:
591 839 739 894 maritimos
755 837 945 908 Ptolemaeus,
965 847 1055 890 ceteros

147 911 204 978 ipse
217 927 270 980 rex,
284 921 311 963 et
322 909 357 964 ab
368 910 421 964 alia
470 918 507 962 rte
520 909 671 962 Leonnatus
682 907 801 961 urebant.
838 907 869 960 ln
885 906 941 960 hac
961 922 1055 976 quoque

148 980 253 1046 regione
266 980 359 1033 urbem
371 995 419 1032 con
441 979 506 1047 idit,¹
518 977 678 1046 deductique
691 977 789 1030 suntin
800 993 862 1031 earn
876 976 1030 1030 Arachosii.

181 1053 224 1100 40.
243 1050 312 1102 Hinc
334 1049 454 1118 pervenit
477 1047 511 1100 ad
534 1048 680 1102 maritimos
704 1047 790 1100 indos.
835 1047 988 1100 Desertam
1010 1062 1056 1098 rar-

147 1126 256 1186 tamque
275 1119 419 1186 regionem²
436 1118 488 1170 late
508 1126 605 1186 tenent,
624 1133 656 1168 ac
674 1133 707 1170 ne
725 1132 787 1168 cum
805 1114 934 1168 finitimis
953 1115 1057 1184 quidem

148 1185 200 1238 ullo
212 1187 365 1242 commercii
376 1188 433 1256 jure
446 1189 599 1240 miscentur.
636 1185 695 1256 Ipsa
713 1183 825 1238 solitudo
843 1195 946 1236 natura
960 1199 1056 1254 quoque

147 1255 262 1308 immitia
285 1257 406 1308 efferavit
430 1257 549 1324 ingenia:
574 1257 721 1326 prominent
740 1270 843 1320 ungues
860 1271 1010 1322 nunquam
1026 1269 1056 1304 re

147 1325 210 1392 cisi,
236 1341 329 1376 comam
347 1325 464 1377 hirsutae
482 1336 509 1378 et
528 1328 646 1378 intonsae
665 1332 733 1376 sunt.
768 1323 887 1389 Tuguria
907 1322 1023 1375 conchis
1037 1329 1056 1374 et

146 1394 244 1446 ceteris
255 1393 433 1462 purgamentis
446 1395 526 1446 maris
539 1396 678 1448 instruunt.
715 1393 840 1446 Ferarum
854 1391 982 1512 pellibus
995 1389 1055 1457 recu

147 1461 266 1530 piscibus
290 1461 345 1514 sole
370 1461 477 1531 duratis,
496 1473 523 1516 et
544 1463 673 1534 majorum
694 1477 798 1532 quoque
820 1459 982 1530 beanrum,
1001 1477 1057 1530 quas

147 1531 244 1586 fluctus
256 1531 342 1601 ejecit,
355 1549 433 1584 carne
447 1541 595 1586 vescuntur.
632 1529 800 1600 Consumptis
817 1529 900 1598 igitur
918 1529 1056 1596 alimentis

146 1600 311 1654 Macedones
323 1603 407 1670 primo
417 1601 459 1654 ino
479 1602 539 1670 iarn,
550 1601 646 1654 deinde
659 1599 693 1652 ad
706 1601 828 1654 ultimum
840 1597 950 1651 samem
965 1599 1055 1652 sentire

146 1680 297 1739 coeperunt,
312 1670 414 1724 radices
426 1619 594 1740 palmarum,³
606 1686 721 1738 namque
734 1669 788 1730 sola
801 1685 834 1734 ea
842 1667 924 1720 arbor
935 1669 1054 1736 gignitur,

147 1739 245 1808 ubique
264 1741 397 1792 rimantes.
434 1738 486 1792 Sed
505 1756 568 1792 cum
588 1738 656 1792 haec
675 1755 778 1808 quoque
798 1735 933 1788 alimenta
955 1737 1055 1790 deiece-

146 1811 215 1860 rant⁴
225 1807 346 1877 jumenta
358 1807 470 1861 caedere
482 1807 606 1877 aggressi,
617 1825 650 1858 ue
660 1806 735 1875 equis
747 1806 855 1876 quidem
869 1805 1055 1871 abstinebant,

146 1885 247 1932 etcum
265 1878 389 1936 deessent
407 1895 478 1946 quae,
494 1876 610 1930 sarcinas
626 1875 761 1942 veherent,
773 1875 856 1944 spolia
873 1875 912 1926 de
931 1874 1055 1942 hostibus

147 1956 251 2015 propter
268 1965 336 2016 quae
357 1947 450 2000 ultima
475 1947 589 2000 Orientis
612 1952 822 2014 peragraverunt,
843 1945 1010 1998 cremabant
1026 1945 1055 1996 iu·

146 2016 249 2070 cendio.
281 2015 390 2068 Famem
404 2015 502 2070 deinde
514 2015 666 2084 pestilentia
675 2023 767 2068 secuta
779 2023 833 2065 est:
847 2013 951 2082 quippe
965 2013 1056 2067 insalu-

147 2083 234 2136 brium
252 2085 370 2138 ciborum
391 2085 450 2138 novi
468 2085 533 2152 suci,
546 2083 579 2136 ad
600 2083 650 2136 hoc
669 2083 769 2135 itineris
781 2081 853 2134 labor
871 2090 900 2134 et
919 2083 1056 2150 aegritudo

146 2153 236 2221 animi,
256 2153 428 2220 vulgaverant
446 2149 557 2222 morbos,
577 2160 604 2206 et
629 2169 678 2204 nec
696 2167 804 2204 manere
822 2151 880 2202 sine
900 2150 995 2220 clade,
1014 2168 1056 2204 nec

147 2221 268 2289 progredi
293 2231 426 2290 poterant:
452 2231 591 2274 manentes
615 2221 709 2290 fames,
729 2235 878 2290 progressos
896 2221 988 2272 acrior
1007 2238 1057 2290 pes·

147 2290 251 2342 tilerrtia
274 2291 391 2358 urgebat.
429 2291 497 2358 Ergo
521 2291 595 2342 strati
620 2299 694 2342 erant
717 2288 805 2358 campi
825 2305 914 2358 paene
939 2289 1058 2357 pluribus

148 2358 292 2427 semivivis,
313 2376 393 2428 quern
417 2359 599 2413 cadaveribus.
636 2363 675 2412 Ao
699 2375 733 2412 ne
751 2357 836 2410 levius
853 2356 972 2426 quidem
992 2358 1057 2426 aegri

148 2429 224 2497 sequi
247 2437 381 2496 poterant:
412 2429 509 2498 quippe
542 2445 640 2497 agmen
670 2427 766 2496 raptim
789 2426 928 2498 agebatur,
955 2435 1057 2481 tantum

148 2565 261 2615 murched
272 2567 349 2614 closer
365 2576 389 2614 to
407 2565 447 2614 the
466 2582 517 2623 sea,
530 2566 634 2626 through
651 2567 692 2614 the
709 2565 830 2615 countries
845 2565 874 2614 os
885 2565 931 2614 the
944 2569 1055 2623 Arbitae,

151 2625 233 2673 Oritae
245 2627 370 2682 (Horitas),
384 2625 559 2686 ichthyophagi
570 2625 676 2680 (ludisne
693 2626 826 2686 inhabiting
837 2640 850 2672 a
861 2625 961 2674 district
979 2643 1013 2676 on
1023 2628 1058 2675 the

149 2696 223 2740 coast,
238 2685 292 2732 who
305 2685 368 2733 lived
378 2698 409 2732 on
418 2684 481 2740 fieb),
492 2685 538 2732 and
550 2684 668 2732 Gedrosii.
700 2685 781 2732 There
793 2685 812 2731 is
821 2699 836 2731 a
844 2683 920 2743 slight
933 2687 1058 2735 confusion

148 2742 173 2790 in
184 2744 225 2790 the
236 2745 354 2792 narrative
366 2743 393 2791 os
406 2743 504 2790 Curtius
516 2743 581 2799 here,
595 2743 631 2791 sor
641 2744 665 2790 in·
676 2743 717 2791 the
728 2742 817 2792 second
833 2754 952 2792 sentence
971 2747 1003 2793 os
1013 2745 1057 2793 this

149 2801 247 2860 chapter
258 2803 288 2850 he
300 2802 474 2862 comprehende
486 2802 526 2849 the
538 2802 616 2850 whole
627 2802 654 2849 oi
666 2803 707 2850 the
725 2802 806 2851 march
822 2811 848 2848 to
869 2801 1005 2862 Gedrosia,
1018 2803 1058 2852 and

149 2860 288 2910 afterwards
299 2877 357 2922 goes
367 2877 398 2909 ou
407 2872 432 2908 to
442 2861 550 2910 describe
562 2861 579 2908 it
591 2876 656 2908 more
668 2861 793 2921 minutely.
819 2860 928 2908 Hauon
939 2861 977 2910 ior
988 2863 1056 2912 Hori·

148 2927 238 2967 turum:
252 2920 293 2968 the
306 2921 388 2968 Greek
398 2919 459 2968 torm
469 2919 497 2967 oi
509 2920 549 2968 the
560 2921 666 2981 genitive
677 2920 753 2980 plural
763 2920 784 2968 is
794 2933 853 2980 very
864 2919 947 2980 rarely
959 2923 1024 2972 used
1037 2922 1058 2970 in

149 2977 190 3024 the
200 2977 252 3026 first
263 2978 408 3027 decleneiou.
773 3017 774 3022 .

178 3048 185 3069 ²
196 3042 235 3091 On
247 3042 288 3090 the
299 3051 430 3098 see-coast,
443 3058 470 3090 as
481 3059 518 3090 we
529 3059 568 3092 are
580 3041 696 3092 informed
707 3043 740 3102 by
750 3041 819 3090 other
830 3040 941 3091 authors.

177 3105 249 3154 ²'I'he
261 3105 380 3154 desertos
392 3105 433 3152 the
445 3105 623 3154 Beloochistun.
878 3155 880 3160 ,
1093 3133 1094 3158 r

177 3169 218 3216 'A
230 3168 304 3218 shmb
316 3170 336 3217 is
348 3178 436 3224 meant,
449 3169 528 3220 which
545 3186 624 3231 grows
641 3169 697 3218 wild
713 3165 738 3216 in
755 3169 830 3229 Sicily
841 3169 901 3224 also,
916 3169 969 3218 and
982 3170 1057 3220 which

148 3229 281 3276 resembles
292 3228 333 3274 the
344 3228 408 3285 palm
419 3237 469 3274 tree
487 3229 511 3275 in
527 3229 628 3289 nothing
638 3238 723 3288 except
735 3228 760 3276 in
776 3227 817 3276 the
836 3227 970 3290 similarity
982 3231 1013 3280 of
1023 3229 1058 3278 the
1093 3265 1094 3280 2

149 3285 237 3333 leaves.
269 3285 528 3334 Itsrootsureedible.
621 3289 623 3293 '
1093 3283 1094 3296 ¹

151 3401 157 3412 ι
177 3348 326 3414 *Ετοᾳιιεηῐί
354 3347 467 3414 repeated
477 3349 557 3396 action
571 3350 592 3398 is
608 3349 664 3398 here
681 3350 812 3410 expressed
823 3349 909 3410 hythe
922 3351 1057 3414 pluperiect

150 3404 285 3454 rndrcetive.
343 3403 456 3452 therwrse
468 3421 505 3452 we
516 3404 603 3456 should
613 3407 674 3458 heve
685 3407 733 3458 had
742 3410 889 3470 defecissent.
