2438 3886
555 223 647 263 nicea
667 225 710 264 ιιι.
1044 211 1084 266 aa

175 333 308 384 utrumne¹
325 332 393 384 ultre
411 331 630 400 progrediendum
645 334 718 401 foret,
731 350 764 386 an
778 333 814 385 ibi
826 332 978 402 opperiendi
992 342 1083 388 essem

177 401 238 454 riori
259 400 365 469 milites,
385 417 451 470 quos
470 416 502 452 ex
524 401 681 454 Macedonia
695 397 844 454 'attrectare
862 402 1008 471 constabat,
1021 403 1082 456 Par-

176 470 264 522 menio
287 487 338 522 non
362 469 445 522 alium
472 469 559 521 locum
586 470 683 538 proelio
710 472 838 539 aptiorem
861 487 921 523 esse
945 472 1080 527 censebat.

175 539 279 608 Quippe
292 539 345 591 illic
357 539 491 607 utriusque
505 539 572 606 regis
584 541 674 607 copias
686 557 794 593 numero
807 539 908 592 suturas
920 557 1005 610 pares,
1018 558 1082 596 cum

175 608 313 676 augustiae
333 607 528 660 multitudinem
548 623 597 658 non
616 618 756 676 caperent;
774 609 911 678 planitiem
925 609 998 688 ipsis²
1009 627 1081 664 cam·

176 693 275 745 pesque
290 695 350 728 essa
362 674 490 742 vitandos,
504 676 550 729 ubi
567 677 707 743 circumiri,
722 678 765 734 ubi
778 678 886 747 ancipiti
897 695 957 731 acre
968 679 1080 748 opprimi

175 754 291 814 possent.
310 747 424 812 Timere,
438 763 471 796 ne
485 745 546 797 ncn³
558 746 652 798 virtute
666 745 789 815 bostium,
804 749 850 798 sed
864 747 1018 800 lassitudine
1031 764 1079 800 sua

176 815 349 867 vincerentur.
388 815 480 866 Persas
499 829 620 866 recentes
637 814 749 868 subinde
769 832 945 883 successuros,
959 817 982 868 si
995 817 1080 870 laxius

176 893 245 936 stare
258 885 410 952 potuissent.
429 883 519 935 Facile
533 884 595 935 ratic
607 895 660 935 tarn
674 884 785 937 salubris
793 885 893 937 consilii
906 894 1017 954 accepta
1029 895 1078 938 est.

175 953 267 1020 ltaque
279 953 348 1004 inter
359 953 493 1020 angustias
505 952 586 1004 saltus
599 953 700 1004 hostem
714 953 826 1022 opperiri
839 954 938 1006 statuit.

214 1027 252 1074 18.
272 1023 335 1075 Erat
348 1022 372 1072 in
385 1022 502 1074 exercitu
516 1022 583 1090 regis
595 1020 701 1074 Sisenes
710 1023 817 1074 Perses:
837 1023 971 1092 quondam
980 1041 995 1074 a
1005 1041 1079 1092 prae·

175 1101 229 1143 tore
243 1091 358 1160 Aegypti
377 1090 474 1142 missus
491 1090 524 1142 ad
545 1091 702 1160 Philippum,
719 1091 846 1160 donisque
859 1101 885 1144 et
898 1093 968 1144 omni
982 1092 1079 1147 bonore

174 1161 269 1228 cultus,
291 1159 397 1212 exilium
419 1160 503 1228 patria
523 1160 586 1211 sede
611 1163 786 1213 mutavera11⁴
809 1163 908 1214 secutis
930 1162 1027 1214 deinde
1051 1163 1078 1218 in

175 1230 266 1282 Asiam
287 1229 474 1296 Alexandrum,
501 1229 566 1280 inter
593 1229 684 1281 fideles
708 1229 793 1282 socios
816 1229 971 1286 habebatur.
1008 1233 1078 1286 Huic

175 1299 311 1367 epistolam
336 1299 468 1350 Cretensis
487 1298 566 1349 miles
588 1299 749 1366 obsignatam
768 1300 854 1367 anulo,
873 1300 949 1370 cujus
973 1302 1077 1369 siguum

175 1367 244 1420 haud
265 1385 328 1420 sane
346 1379 436 1420 notum
455 1377 518 1434 crat,
538 1368 652 1419 tradidit.
688 1369 859 1420 Nabarzanes
877 1380 980 1438 praetor
999 1373 1077 1424 Darei

174 1438 282 1490 miserat
305 1455 373 1506 eam,
399 1436 603 1506 hortabaturque
633 1437 761 1505 Sisenem,
787 1445 815 1490 ul
845 1437 953 1505 dignum
977 1440 1077 1508 aliquid

174 1507 308 1559 nobilitate
321 1516 400 1574 atque
413 1507 530 1560 moribus
542 1508 596 1558 suis
608 1507 707 1575 ederet,
720 1524 816 1574 magno
828 1507 853 1560 id
867 1507 892 1560 ei
903 1509 973 1576 apud
987 1527 1076 1576 regern

174 1577 261 1628 honori
282 1578 345 1628 lore.
382 1577 435 1628 Has
452 1575 552 1627 litteras
570 1575 682 1643 Sisenes,
697 1586 785 1644 utpote
803 1575 935 1629 innoxius⁵
946 1577 980 1630 ad
996 1579 1077 1632 Alex·

173 1645 281 1698 andrum
301 1661 381 1714 saepe
399 1645 502 1697 deterre
522 1647 658 1712 temptavit
668 1661 675 1712 ;
694 1645 740 1696 sed
760 1661 822 1698 cum
839 1655 875 1698 tot
887 1647 958 1698 curis
968 1664 1077 1716 appara·

174 1725 253 1782 tuque
277 1715 339 1767 belli
365 1731 452 1781 regem
478 1712 578 1764 videret
602 1714 695 1782 urgeri,
714 1715 801 1782 aptius
825 1715 948 1768 subinde⁰
971 1725 1077 1787 tempus

173 1793 323 1852 expectans,
338 1784 514 1852 suspicionem
530 1783 586 1835 initi
599 1784 703 1836 scelesti
717 1784 817 1836 consilii
831 1785 958 1854 praebuit.
994 1787 1076 1839 Nam·

77 1900 82 1908 .
172 1869 224 1921 que
244 1853 361 1921 epistola,
382 1867 533 1921 priusquam
552 1853 576 1903 ei
597 1853 755 1921 redderetur,
776 1853 801 1905 in
819 1871 914 1906 manus
932 1854 1076 1908 Alexandri

173 1931 336 1990 pervenerat,
361 1921 512 1989 lectamque
537 1937 605 1988 earn,
630 1922 709 1988 ignoti
733 1923 804 1974 anuli
829 1922 914 1990 sigillo
939 1923 1074 2004 impresso,

173 1991 256 2042 Siseni
280 1991 335 2042 dari
357 1988 476 2060 jusserat,
495 1990 528 2042 ad
552 1990 746 2045 aestimandam
771 1989 851 2044 fidem
875 1991 987 2046 barbati.
1023 1992 1075 2052 Qui

173 2062 235 2128 quia
252 2076 299 2128 per
316 2059 465 2129 complures
482 2059 540 2111 dies
552 2076 602 2110 non
614 2059 715 2112 adierat
728 2076 825 2128 regem,
839 2060 950 2114 scelesto
966 2063 1074 2116 consilio

172 2145 233 2180 eam
246 2129 319 2182 visus
330 2138 371 2181 est
383 2128 567 2197 suppressisse,
580 2139 607 2180 et
626 2129 651 2181 in
668 2130 777 2196 agmine
787 2146 803 2182 a
815 2129 990 2200 Cretensibus,
1003 2131 1074 2186 baud

172 2198 254 2250 dubie
266 2197 339 2265 jussu
352 2199 429 2265 regis,
442 2198 554 2249 occisus.

209 2273 246 2320 19.
265 2268 377 2334 Jamque
395 2267 490 2320 Graeci
507 2267 614 2335 milites,
627 2283 694 2336 quos
710 2266 864 2337 Thymodes
875 2285 892 2320 a
905 2267 1074 2324 Pharnabazo

171 2347 317 2405 acceperat,
331 2336 472 2406 praecipua
490 2353 550 2406 spes
568 2345 593 2388 et
612 2338 800 2405 propemodum
813 2337 898 2406 unica,
911 2337 946 2390 ad
959 2339 1073 2392 Dareum

171 2415 352 2475 pervenerant.
397 2405 429 2456 Hi
458 2422 618 2474 magnopere
648 2404 802 2475 suadebant,
826 2414 854 2458 ut
884 2416 951 2458 retro
979 2407 1072 2478 abiret,

171 2475 349 2544 spatiososque
363 2475 572 2542 Mesopotamiae
584 2490 693 2542 campos
705 2482 847 2543 repeteret:
860 2475 882 2526 ei
895 2475 920 2527 id
933 2477 1073 2532 consilium

201 2569 363 2628 ¹Equivalent
380 2578 405 2616 to
421 2578 501 2617 atram
513 2569 612 2616 without
625 2585 661 2616 ne.
693 2569 740 2616 See
753 2569 832 2616 Grcm.
845 2568 920 2625 tter,
936 2573 971 2626 10,
984 2581 1040 2619 note
1052 2575 1073 2620 l.

172 2629 310 2688 According
320 2637 345 2676 to
355 2627 396 2675 the
407 2627 507 2688 original
518 2628 680 2674 construction
692 2627 719 2675 os
727 2627 774 2675 this
786 2627 880 2686 phrase,
894 2627 911 2676 it
923 2629 1000 2688 might
1011 2630 1072 2678 bave

171 2688 328 2741 beemots-um
351 2687 924 2748 regrediarddmaeeasetaltrn‚anncoiibimilitee
974 2690 1071 2746 edendi,

171 2745 251 2793 which
262 2704 368 2794 mastbe
379 2744 505 2806 explained
518 2746 551 2803 by
560 2743 681 2792 reference
697 2755 722 2792 to
737 2760 751 2791 a
766 2743 911 2815 lullertorm
926 2761 940 2793 o
965 2746 1006 2794 the
1017 2762 1072 2797 sau·

172 2815 254 2852 teucer
272 2814 352 2852 atnam
358 2805 458 2864 faceret,
471 2805 566 2851 ultrane
572 2806 758 2864 progrederetur,
771 2820 804 2850 aa
814 2806 845 2851 aba
855 2807 1006 2866 opperiretur.

199 2867 209 2892 ²
220 2861 274 2930 ‘lly
282 2862 430 2910 themselves
438 2861 455 2919 ;'
468 2860 520 2910 that
531 2863 560 2917 is,
571 2861 613 2908 the
623 2860 804 2918 Macedonicus,
814 2861 839 2909 iu
849 2863 985 2922 oppositiou
995 2873 1021 2912 tc
1031 2863 1073 2913 tlte

172 2919 314 3028 Pirllbmnce
323 2979 382 3028 does
398 2988 439 3027 not
455 2978 513 3026 here
528 2978 598 3026 stand
614 2977 650 3026 for
663 2987 689 3026 at
697 2993 708 3034 ,⁴
725 2979 768 3026 but
779 2995 827 3027 aon
837 2978 938 3040 belongs
949 2991 975 3028 to
985 2983 1074 3030 virtute

170 3040 270 3086 hostiurn
281 3039 305 3086 in
315 3038 450 3098 opposition
459 3047 484 3084 to
493 3039 635 3085 lassitudine
642 3053 693 3084 aaa.
714 3037 767 3085 ‘He
776 3036 856 3086 secred
865 3038 911 3087 lest
919 3039 978 3100 they
986 3039 1073 3089 should

171 3098 201 3146 ba
212 3098 356 3202 ⁰⁰f¹ssq³¹⁰¹⁰d’
368 3106 409 3145 not
420 3096 536 3155 certainly
545 3097 577 3155 by
586 3095 626 3142 the
635 3095 719 3144 valour
728 3095 756 3143 ol
763 3095 804 3145 the
813 3112 909 3158 enemy,
920 3099 964 3148 but
972 3101 1004 3160 by
1011 3097 1074 3148 their

170 3169 226 3204 own
261 3165 278 3202 tr
312 3157 343 3203 e.’

198 3213 266 3261 ‘For
276 3171 439 3262 cgdnetructiou
448 3211 477 3261 of
487 3220 585 3268 mutare,
598 3227 639 3260 see
653 3212 732 3260 oram.
744 3212 818 3271 t294.
830 3223 895 3264 note.

199 3272 303 3320 ‘Cicero
313 3287 370 3321 uses
380 3274 491 3320 innocens
506 3270 571 3340 only,
586 3269 685 3320 Curtius
700 3271 809 3333 employa
825 3273 884 3322 both
900 3275 1010 3322 maccam
1025 3273 1073 3324 aud

170 3333 282 3382 innacius
294 3329 353 3380 with
363 3331 404 3378 the
415 3345 481 3380 same
493 3327 660 3391 signification.
691 3329 815 3390 Incestus,
828 3331 949 3390 however,
962 3332 1006 3381 bas
1020 3331 1073 3384 also

168 3387 556 3500 cananaeae
