2438 3886
171 241 208 294 52
437 255 476 295 arr
501 255 607 296 essars
629 255 813 302 sraxrnnnr.

168 372 326 416 concurrunt
355 363 389 416 ad
419 362 535 416 delenda
558 363 689 432 praesidia
713 364 864 418 Persarum.
911 365 963 424 Qui
986 363 1077 434 territi,

137 447 139 458 ¹
169 443 259 486 tamen
278 449 355 502 spem
373 434 503 486 retinendi
521 435 676 502 Aegyptum
700 451 750 486 non
770 435 925 488 omiserunt.
963 434 1081 488 Sedeas

170 505 309 570 Amyntas,
329 501 427 570 proelio
452 511 594 572 superatos,
614 503 640 554 in
658 501 751 555 urbem
770 503 915 582 compellit,
933 505 1079 582 castrisque

170 572 261 640 positis
275 572 385 624 victores
405 571 438 624 ad
459 570 622 641 populandos
640 573 811 638 agr'os‚·relut
832 590 857 625 ιιι
878 571 966 626 medio
987 573 1080 643 positis

170 641 284 694 hostium
309 641 430 710 οιιιιοιιει,Ι
446 641 602 709 agebantur.
638 642 731 708 ltaque
758 642 893 711 Mazaces,
912 659 1079 712 quamquam

172 711 269 762 infelici
294 711 390 779 proelio
421 729 526 764 suorum
557 711 660 764 animos
689 713 792 763 territos
822 729 881 764 esse
912 721 1078 780 cognoverat,

171 791 259 832 tamen
280 780 409 849 palantes²
421 791 447 834 et
463 781 589 833 victoriae
609 779 708 832 fiducia
728 783 847 834 incautos
864 791 1007 852 ostentans,
1021 799 1079 850 per-

171 849 236 918 pulit
255 867 288 902 ne
308 850 460 902 dubitarent
475 866 508 902 ex
528 849 592 902 urbe
611 865 751 919 erumpere
770 859 797 902 et
816 867 857 902 res
874 851 987 904 amissas
1005 867 1080 902 recu-

189 936 272 974 erare.
309 919 339 972 ld
358 919 495 976 canalium
516 935 566 973 non
589 919 687 972 ratione
706 919 868 988 prudentius,
881 937 960 988 quarn
980 933 1079 972 eventu

170 937 285 1042 d'slicius⁸
303 988 367 1042 suit:
391 988 426 1041 ad
444 1005 529 1045 unum
546 989 649 1040 omnes⁴
668 1005 730 1040 cum
749 989 804 1058 ipso
822 989 891 1042 <lnce
910 989 988 1041 occisi
1008 998 1078 1041 sunt.

170 1059 225 1114 Has
238 1075 336 1128 poenas
348 1062 487 1128 Amyntas
500 1057 604 1126 utrique
626 1058 679 1124 regi
700 1058 782 1126 dedit,
797 1059 877 1110 nihilo
897 1058 982 1126 magis
1001 1057 1026 1110 ei
1043 1057 1079 1110 ad

170 1145 250 1198 quern
266 1127 441 1196 transfugerat
449 1126 531 1195 fidus,
544 1142 625 1195 quarn
638 1127 676 1192 illi
688 1145 768 1197 quem
782 1128 944 1181 deseruerat.

207 1204 230 1251 6.
252 1197 331 1249 Darei
355 1205 497 1268 praetores,
514 1197 561 1318 poi
585 1197 682 1266 proelio
700 1197 769 1266 apud
789 1197 861 1250 lssun
881 1197 1077 1267 superfuerant,

171 1282 234 1320 oum
246 1267 318 1319 omni
330 1283 420 1334 rrranu,
432 1284 502 1336 quae
527 1265 647 1334 ugientes
659 1277 750 1320 secuta
763 1275 828 1334 erat,
841 1276 979 1336 assumpta
997 1268 1079 1320 etiam

171 1335 358 1405 Cappadocum
370 1345 398 1389 et
410 1335 609 1405 Paphlagonum
627 1335 772 1405 juventute,
787 1336 901 1404 Lydiam
920 1353 1076 1405 recuperare

171 1406 346 1475 temptabant.
382 1407 538 1474 Antigonus,
564 1417 667 1474 praetor
693 1403 847 1472 Alexandri,
874 1405 975 1475 Lydiae
1005 1423 1079 1474 prae·

148 1503 149 1508 =
171 1485 241 1528 erat:
262 1475 314 1544 qui,
334 1492 498 1544 quamquam
517 1475 656 1544 plerusque
676 1475 791 1528 militum
817 1492 851 1527 ex
875 1474 1023 1544 praesidiis⁶
1044 1475 1077 1528 ad

171 1561 262 1612 regem
274 1545 417 1613 dimiserat,
427 1555 517 1598 tamen
526 1544 646 1598 barbaris
658 1545 760 1613 spretis,
772 1545 797 1596 in
807 1544 896 1596 aciem
905 1563 966 1598 suos
978 1545 1077 1599 eduxit.

168 1615 275 1683 Eadem
289 1615 342 1667 illic
353 1631 458 1684 quoque
471 1613 575 1668 fortuna
592 1614 708 1683 partium
726 1615 790 1666 luit:
811 1614 896 1666 tribus
908 1614 1016 1683 proeliis
1027 1614 1078 1666 alia

170 1693 250 1754 atque
273 1685 325 1736 alia
348 1683 465 1752 regione⁶
483 1684 639 1752 commissis,
664 1683 760 1736 Persae
784 1683 938 1736 l'nnduntur.
975 1682 1079 1737 Eodem

170 1763 290 1822 tempore
302 1753 394 1806 classis
406 1753 587 1806 Macedonum
604 1770 638 1806 ex
655 1753 767 1809 Graecia
779 1755 871 1822 arr-cita,
884 1753 1077 1821 Aristomenen,

170 1825 214 1896 qpi
227 1824 261 1876 ad
274 1823 437 1892 Hellesponti
449 1839 521 1876 oram
542 1822 752 1892 recuperandam
763 1839 779 1872 a
792 1823 876 1874 Dareo
898 1833 952 1874 erat
974 1823 1078 1892 missus,

169 1895 254 1963 captis
271 1893 331 1964 ejus
347 1901 393 1946 aut
411 1894 507 1946 mersis
523 1891 637 1946 navibus
655 1901 769 1962 superat.
806 1894 830 1944 A
848 1891 965 1947 Milesiis
981 1889 1079 1944 deinde

104 1970 106 1974 '
170 1963 358 2017 Pharnabazus
374 1962 527 2032 praelectus
547 1962 670 2014 Persicae
691 1962 784 2013 classis
804 1961 919 2029 pecunia
936 1971 1038 2028 exacta,
1052 1969 1079 2013 et

170 2033 300 2102 praesidio
330 2033 356 2086 in
386 2032 480 2086 urbem
511 2031 608 2086 Chium
638 2031 792 2098 introducto,
826 2041 934 2094 centnm
965 2029 1080 2084 navibus

170 2103 299 2171 Andrum,
313 2111 339 2154 et
358 2101 421 2154 inde
437 2101 565 2170 Siphnum
584 2096 670 2170 petiit.
705 2101 760 2152 Has
775 2117 880 2168 qnoque
894 2099 993 2152 insulas
1005 2116 1078 2170 prae·

170 2172 243 2224 sidiis
257 2180 377 2239 occupat,
396 2169 510 2239 pecunia
533 2169 648 2224 nrultat.⁷
684 2169 841 2237 Magnitudo
862 2169 932 2237 belli,
953 2170 1023 2238 quod
1043 2170 1078 2222 ab

169 2241 376 2308 opulentissimis
390 2241 511 2309 Europae
523 2240 656 2308 Asiaeque
671 2240 776 2307 regibus
789 2239 813 2290 in
826 2256 903 2308 spem
916 2239 996 2292 totius
1008 2239 1078 2291 orbis

168 2310 314 2380 occupandi
327 2309 475 2376 gerebatur,
489 2309 617 2388 Graeciae
629 2325 733 2378 quoque
755 2317 780 2360 et
802 2309 896 2361 Cretae
915 2323 990 2361 arma
1006 2325 1078 2362 oom-

169 2389 298 2432 moverat.
336 2380 408 2446 Agis,
422 2379 693 2431 Lacedaemoniorum
708 2396 760 2445 rex,
773 2387 832 2430 actu
844 2378 952 2431 milibus
966 2378 1078 2430 Graeco·
1145 2377 1155 2386 '

170 2468 235 2516 rum,
249 2449 294 2517 qui
307 2467 341 2501 err
354 2448 445 2502 Cilicia
456 2447 560 2517 profugi
573 2448 667 2502 domos
681 2448 846 2516 reperierant,
860 2449 1008 2524 coptractis,
1022 2447 1078 2500 bel·

169 2520 223 2572 lum
246 2520 382 2586 Antipatro
403 2517 579 2570 Macedoniae
598 2517 733 2586 praelecto
750 2517 916 2585 moliebatur,
937 2517 1079 2570 Cretenses

170 2736 176 2757 ι
198 2678 204 2698 ¹
216 2672 262 2718 ‘As
272 2670 295 2718 il'
306 2669 390 2750 ailphe
402 2669 554 2728 possessione
565 2667 594 2716 of
605 2668 646 2716 the
662 2683 750 2728 enemy
762 2667 808 2716 had
825 2669 887 2716 been
902 2668 976 2728 given
987 2668 1038 2728 up,’
1051 2682 1078 2716 or

186 2729 382 2848 appppppgpring
391 2759 474 2842 about,
488 2786 591 2835 without
602 2785 713 2834 restraint
725 2801 752 2833 or
762 2787 833 2834 care'

196 2847 261 2894 aWe
278 2847 393 2896 translate
412 2847 453 2894 the
472 2858 588 2894 sentence
600 2845 658 2894 with
673 2845 753 2904 ‘quite
769 2845 820 2892 asr'
837 2845 900 2894 ‘this
916 2845 1014 2893 scheme
1026 2861 1077 2893 was

168 2907 234 2974 quite
255 2922 283 2987 as,
302 2905 462 2966 successfully
478 2904 651 2962 executed‚.as
668 2905 685 2952 it
702 2920 753 2952 was
776 2904 904 2964 prudently
920 2919 946 2952 or
966 2903 1078 2964 'slrilfully

168 2965 329 3105 deydsdliltop
340 3025 420 3082 man3'
434 3024 486 3072 that
497 3025 527 3080 is,
541 3023 606 3071 since
619 3023 660 3070 the
671 3040 734 3071 unas
746 3023 767 3070 is
777 3021 898 3077 included,
913 3021 962 3068 ‘all
973 3021 1076 3070 without

168 3099 212 3174 ex?
214 3093 322 3189 51dllrrotnof
329 3142 369 3189 the
379 3153 464 3248 strong
472 3142 561 3208 places,
571 3141 652 3188 where
662 3141 692 3188 he
704 3141 750 3188 had
758 3140 896 3200 garrisorrs’
925 3139 1078 3188 Praesidium

168 3203 188 3250 is
199 3201 258 3250 both
270 3217 284 3248 a
294 3202 402 3261 garrison
412 3217 441 3248 an
470 3217 485 3248 a
495 3215 603 3260 garrrson
615 3211 687 3247 town.

195 3260 269 3308 ‘The
280 3275 366 3320 proper
382 3275 452 3318 prose
468 3259 609 3319 expression
628 3259 649 3306 is
665 3261 692 3308 in
709 3261 809 3320 ragione.
841 3257 887 3306 See
902 3257 981 3306 Grum.
994 3257 1007 3308 b
1022 3260 1075 3314 aot,

169 3325 267 3430 Lyra,
279 3377 373 3426 fortune
385 3377 479 3446 prorad
494 3376 566 3424 liclrla
578 3377 602 3446 ip
614 3375 776 3445 Alexanderfs
787 3376 852 3424 main
863 3391 940 3483 army,
954 3375 984 3424 he
996 3375 1077 3426 would

167 3438 228 3488 heve
241 3437 287 3488 had
298 3453 312 3486 a
323 3452 373 3484 war
384 3453 408 3484 rn
420 3437 456 3484 lrrs
469 3452 529 3490 rear,
543 3436 631 3490 which.
645 3435 795 3498 consrderrng
806 3435 848 3484 the
859 3435 912 3484 drsa
932 3435 1002 3484 acted
1012 3443 1077 3484 stata

167 3497 195 3548 ot'
208 3500 310 3554 Graece,
324 3496 399 3558 might
413 3497 472 3544 lare
485 3495 575 3554 proved
585 3495 726 3556 dangerous.
