2314 3886
141 218 195 270 168
404 229 442 268 na
467 227 574 268 casare
596 227 780 268 russanum.

137 337 274 391 absolutus
291 353 359 404 sum,
378 336 401 388 si
418 337 567 406 pepercisti,
587 335 740 389 dimissusz¹
758 335 800 387 vel
818 335 947 405 judicium
968 343 1055 388 vtiaram

139 421 223 458 serva.
259 406 329 464 Quid
342 406 392 458 hac
404 407 522 474 proxima
540 415 623 472 nocte,
637 421 689 473 qua
707 405 841 473 digressus
853 421 913 458 sum
925 421 1055 458 amensa

138 486 191 541 tua,
205 475 276 527 lecil
294 476 363 544 quod
376 491 473 528 novum
486 475 588 527 lacinus
600 473 716 526 delatum
730 473 761 526 ad
772 482 799 526 te
809 475 919 526 mutavit
927 475 1054 526 animum

138 544 235 596 tuuml
248 527 268 564 ⁸
281 544 361 596 Gravi
380 561 471 612 sopore
488 543 701 612 acquiescebam,
721 561 783 596 cum
803 559 845 595 me
863 543 942 595 malis
963 543 1055 596 indor-

138 615 265 665 mientem
291 614 371 665 meis²
393 613 492 666 inimici
517 613 654 665 vinciendo
678 613 869 666 excitaverunt.
916 612 995 665 Unde
1023 622 1054 664 et

139 683 284 751 parricidae
297 692 323 735 et
336 682 459 752 proditori
472 691 527 734 tarn
544 682 590 734 alti
609 682 684 760 quies
701 681 805 734 somni?
842 680 968 734 Scelerati
987 699 1053 736 con·

139 753 248 804 scientia
267 751 435 822 obstrepente
456 768 517 804 cum
539 751 653 802 dormire
673 767 724 803 non
744 759 860 820 possunt,
881 752 980 818 agitant
1001 767 1054 802 cos

138 821 229 887 suriae,
243 838 293 872 non
306 823 418 888 cogitato
430 818 516 888 modo,
530 818 671 871 sedetiam
690 830 873 872 consummato
890 819 1055 888 parricidio.³

138 893 173 942 Ar
197 889 262 942 mihi
286 891 456 942 securitatem
480 889 593 957 primum
618 889 767 941 innocentia
789 905 857 957 mea,
882 889 979 940 deinde
1002 898 1054 942 tua

138 959 247 1012 dextera
270 958 433 1011 obtulerant:
459 974 509 1010 non
535 956 617 1024 timui,
640 974 674 1008 ne
697 957 757 1027 plus
775 957 879 1010 alienae
898 956 1053 1012 crudelitati

137 1030 207 1097 apud
221 1037 247 1080 te
260 1027 359 1096 liceret,
369 1044 450 1096 quarn
463 1027 623 1080 clementiae
636 1035 706 1078 tuae.
737 1027 787 1079 Sed
801 1043 834 1079 ne
847 1035 874 1078 te
886 1025 951 1078 mihi
964 1028 1054 1080 oredi-

138 1097 209 1150 disse
222 1097 363 1176 poeniteat,
375 1113 417 1148 res
427 1097 460 1148 ad
473 1113 518 1148 me
528 1095 719 1148 deserebatura
728 1112 817 1216 puero,
827 1096 871 1164 qui
880 1111 931 1148 non
942 1103 1052 1166 testem,

139 1183 188 1219 non
202 1183 297 1236 prguus
309 1165 398 1218 indicii
411 1165 537 1219 exhibere
549 1173 657 1234 poterat,
672 1165 728 1235 imp
739 1167 838 1218 eturus⁴
855 1181 947 1218 omnes
964 1175 1052 1234 metu,

138 1237 160 1288 si
171 1236 302 1304 coepisset
314 1234 406 1287 audiri.
442 1236 576 1288 Amatoris
587 1245 614 1287 et
626 1235 704 1287 scorti
720 1234 804 1303 jurgio
823 1233 952 1303 interponi
970 1251 1055 1288 aures

138 1321 213 1356 meas
229 1303 329 1356 credidi
348 1303 460 1372 inlelin,⁵
477 1313 504 1356 et
521 1304 603 1357 fidem
621 1303 680 1373 ejus
698 1311 848 1373 suspectam
872 1302 960 1372 habui,
979 1305 1054 1372 quod

138 1389 188 1425 non
201 1374 258 1441 ipse
270 1373 392 1442 deferret,
406 1374 454 1425 sed
474 1373 581 1426 fratrem
594 1373 681 1442 potius
698 1372 871 1426 subornaret.⁸
905 1372 1001 1442 Timui,
1015 1391 1054 1426 ne

138 1459 171 1493 ne
207 1450 245 1493 ret
262 1441 405 1496 mandasse
423 1459 484 1494 sese
502 1442 634 1511 Cebalino,
648 1451 674 1494 et
692 1459 742 1510 ego
754 1442 858 1495 viderer
873 1441 964 1494 multis
982 1445 1053 1496 arni-

138 1527 168 1562 co
184 1528 229 1563 um
242 1512 310 1579 regis
323 1508 405 1564 luisse
423 1511 532 1580 periculi
550 1527 640 1564 causa.
677 1511 719 1564 Sic
732 1527 837 1581 quoque
849 1527 913 1564 curn
925 1510 1053 1565 laeserim

138 1581 274 1633 neminem
299 1580 395 1648 inveni,
415 1580 460 1648 qui
483 1579 586 1633 mallet⁷
605 1580 690 1648 perire
710 1598 763 1651 me,
782 1597 863 1650 quarn
886 1579 1052 1634 incolumem
1127 1590 1132 1606 ⁸

138 1666 213 1702 esse:
235 1650 298 1718 'quid
320 1649 518 1703 inimicitiarum
538 1648 645 1702 creditis
664 1659 838 1718 excepturum
856 1648 949 1718 fuisse,
970 1650 992 1701 si
1011 1650 1052 1704 in-

138 1729 227 1772 sontes
250 1719 440 1772 lacessissent
475 1721 511 1772 At
534 1719 607 1771 eninr
631 1719 744 1771 Dimnue
768 1735 796 1770 se
821 1717 933 1781 occidit!
974 1719 1053 1772 Num

138 1789 216 1855 igitur
239 1787 371 1841 lecturum
395 1803 458 1841 eum
481 1787 600 1840 divinare
626 1787 719 1856 pctuil
755 1788 878 1840 Minime.
914 1787 954 1840 lta
977 1790 1050 1857 quod

138 1857 223 1910 solum
241 1858 337 1910 indicio
355 1857 437 1918 fidem
455 1857 527 1926 fecit,
547 1857 573 1909 id
591 1873 644 1927 me,
663 1873 726 1910 cum
743 1873 759 1910 a
777 1855 909 1910 Cebalino
926 1857 1052 1927 interpel-

138 1926 207 1978 latus
219 1943 287 1996 sum,
301 1941 472 1980 inoverenon
485 1933 594 1996 poterat.

173 2001 213 2048 39.
232 1999 267 2049 At
287 1996 404 2066 hercule,
423 1996 445 2048 si
465 1995 586 2048 conscius
606 1995 702 2048 Dimno
718 1993 783 2048 tanti
798 1993 907 2048 sceleris
926 1994 1049 2064 fuissem,

137 2063 218 2117 biduo
238 2065 282 2116 illo
300 2065 415 2133 proditos
435 2081 496 2117 esse
513 2081 561 2117 nos
588 2063 754 2117 dissimulare
774 2079 826 2116 non
844 2063 943 2119 debui:
964 2065 1050 2118 Ceba-

138 2133 208 2186 linus
219 2133 276 2202 ipse
292 2133 347 2186 tolli
365 2134 399 2186 de
417 2133 506 2186 medio
523 2103 657 2203 nulloque⁹
674 2133 778 2200 negotio
797 2134 889 2202 potuit.
926 2133 1051 2204 Denique

137 2212 195 2270 post
207 2201 326 2255 delatum
338 2202 474 2270 indicium,
488 2218 538 2271 quc
557 2203 688 2272 periturus
706 2203 798 2270 eram,⁹
810 2202 964 2256 cubiculum
977 2205 1051 2272 regis

137 2271 208 2323 sclua
220 2271 321 2340 intravi,
335 2270 403 2326 seno
413 2269 523 2340 quidem
536 2272 647 2325 cinctus.
683 2271 734 2324 Cur
745 2271 835 2324 distuli
848 2271 969 2325 facinus?
1004 2273 1050 2328 An

137 2340 194 2391 sine
215 2341 311 2392 Dimno
331 2356 382 2392 non
403 2357 461 2393 eum
482 2340 583 2392 ansusi
618 2340 665 2392 Ille
685 2340 764 2406 igitur
804 2341 908 2410 rinceps
930 2340 1049 2411 conjura-

138 2409 216 2461 tionis
236 2407 303 2461 fuit!
326 2409 375 2461 sub
394 2409 466 2461 illius
483 2409 578 2462 umbra
597 2408 713 2461 Philotas
728 2357 852 2478 latebam,
869 2409 915 2478 qui
935 2427 1049 2478 regnum

166 2519 173 2540 ¹
187 2513 346 2561 ‘Dismissed’
359 2511 420 2580 from
430 2513 473 2560 the
482 2511 545 2560 trial.
578 2511 628 2580 Not
640 2528 668 2560 so
678 2512 825 2581 honourable
837 2529 863 2561 ns
874 2529 905 2562 an
915 2516 1039 2575 acquittsl.

148 2571 491 2680 hZssAlptlhpasvplpplpprgvpp
498 2587 547 2680 nrlrrey
559 2571 733 2629 mrsfortunes‚'
751 2572 908 2621 undrsturbed
924 2575 956 2634 by
967 2575 1046 2633 them,

137 2642 145 2678 t
165 2647 323 2760 “llesholild
331 2702 416 2750 expect
425 2689 465 2739 the
475 2668 568 2739 clauses
576 2691 683 2740 invented
692 2689 761 2736 thus:
772 2694 778 2715 ⁴
788 2689 839 2738 Not
847 2691 904 2752 only
911 2693 980 2740 when
987 2693 1049 2756 they

136 2749 197 2796 have
208 2748 348 2798 committed
360 2750 464 2806 murder,
477 2751 519 2798 but
531 2765 592 2798 even
604 2751 675 2798 when
689 2749 747 2808 they
759 2743 819 2796 have
831 2748 888 2810 only
898 2749 990 2799 formed
1002 2753 1046 2801 the

136 2809 237 2874 design!
263 2807 311 2856 But
322 2809 341 2856 it
353 2809 373 2856 is
384 2825 399 2856 a
408 2809 586 2915 psychcloqical
596 2810 651 2864 lact,
663 2809 714 2856 that
726 2807 786 2856 after
797 2807 838 2856 the
849 2810 1004 2882 commissicn
1015 2813 1047 2860 01

136 2882 150 2913 a
161 2882 233 2914 crime
244 2883 301 2914 men
311 2882 350 2914 are
362 2883 427 2914 more
438 2879 532 2926 tranqm
553 2868 610 2914 than
622 2867 693 2914 when
703 2867 762 2926 they
773 2883 812 2914 are
824 2868 966 2930 meditatrng
976 2879 1002 2917 rt.

165 2930 173 2951 ⁴
185 2925 328 2982 Eqnivalent
340 2934 365 2972 to
376 2928 418 2986 qui
424 2942 501 2973 omnes
511 2928 541 2972 im
558 2928 648 2973 lecuras
657 2934 714 2979 erat,
726 2928 803 2985 orqai
809 2943 886 2974 omnes
896 2929 925 2976 im
942 2931 1046 2977 laniaret.

138 2982 236 3030 Curtius
248 2983 268 3051 is
279 2983 335 3030 lond
346 2983 374 3030 ol
384 2985 456 3044 using
471 2985 512 3030 the
532 2994 608 3051 ¹utura
624 2983 748 3052 participle
764 3000 791 3032 as
807 2985 847 3032 the
864 3001 909 3046 apo
926 2987 975 3050 osis
991 2987 1019 3036 ol'
1032 3005 1048 3037 a

137 3041 300 3110 hypothetica}
309 3052 436 3098 sentence;
449 3042 495 3089 and
502 3041 550 3089 this
560 3052 663 3100 practice
673 3042 788 3089 indicates
796 3059 811 3090 a
819 3043 866 3092 fine
873 3055 936 3094 taste
945 3046 970 3094 in
978 3061 1046 3096 com-

137 3117 179 3190 pol
181 3100 524 3239 11ἰ110[111111οῗ1θιξῐιξ1ῗῡᾞρξ13065191
534 3110 591 3206 illati³
594 3136 639 3219 'my
650 3173 702 3206 ears
714 3173 778 3208 were
789 3159 867 3210 called
878 3171 903 3210 to
913 3161 983 3212 share
995 3164 1020 3213 in
1030 3181 1047 3214 a

136 3217 351 3338 ''lallssigmdg

165 3336 222 3383 'Aa
233 3345 257 3383 1ο
268 3335 317 3382 this
327 3334 488 3394 subjunctive,
501 3349 541 3382 see
555 3333 634 3382 Gram.
646 3335 659 3385 b
671 3339 722 3394 360,
734 3338 756 3385 l.

164 3401 173 3425 ⁸
187 3394 254 3442 ‘And
264 3394 325 3449 that,
338 3402 387 3448 too,
401 3392 502 3440 without
514 3407 561 3452 any
572 3393 684 3441 trouble!

165 3459 175 3482 ¹
188 3453 240 3514 ‘By
251 3452 330 3504 which
342 3450 474 3509 (evidence)
486 3449 498 3498 1
509 3466 559 3498 was
571 3461 596 3500 to
607 3451 662 3500 die.'
