2410 3890
155 238 211 297 tta
421 257 460 296 oa
483 257 588 296 casura
610 257 794 298 aarxnaoar.

67 419 72 430 ,
152 365 179 418 in
231 364 335 418 rricidio
352 364 459 418 dedisse
478 374 627 418 constanter
642 365 742 434 abnuit,
757 381 806 418 nec
817 365 872 418 ulla
884 365 1017 434 religione,
1031 375 1063 420 ut

152 449 198 488 ece
210 451 241 487 us
260 443 339 503 tegat,
361 451 438 504 posse
459 437 605 503 constringi.
643 437 762 504 Dimnus,
781 445 809 488 et
829 452 918 488 amore
939 443 966 487 et
986 445 1061 490 metu

151 519 252 573 amens,
277 505 415 557 dexteram
441 505 537 557 exoleti
565 505 738 575 complexus,¹
762 516 789 558 et
813 505 961 573 lacrimans,
986 521 1062 558 orare

152 573 276 644 primum,
289 583 318 626 ut
331 576 461 643 particeps
473 573 574 626 consilii
587 575 726 643 operisque
739 576 828 628 fieret:
848 575 870 626 si
888 574 914 626 id
932 575 1062 627 sustinere

151 658 203 695 non
220 651 316 711 posset,
333 652 450 696 attamen
468 661 502 696 ne
522 644 640 712 proderet
655 661 692 712 se,
708 643 784 714 cujus
802 661 864 712 erga
882 646 968 712 ipsum
988 643 1062 696 beni·

151 712 281 764 velentiae
296 721 397 781 praeter
405 713 457 765 alia
469 713 519 764 hoc
531 729 635 781 quoque
648 713 758 766 haberet
771 715 945 766 fortissimum
957 714 1060 782 pignus,

151 781 220 849 quod
241 789 322 851 caput
342 799 420 834 suum
444 783 608 851 permisisset
629 783 692 836 fidei
711 782 799 836 adhuc
819 785 981 852 inexpertae.
1017 783 1060 836 Ad

151 851 275 904 ultimum
293 852 409 903 aversari
428 851 515 903 scelus
533 859 747 919 perseverantem
765 854 856 906 mortis
874 860 947 904 metu
965 861 1060 904 terret:

150 920 185 972 ab
202 920 255 972 itto2
269 921 356 988 capite
375 916 524 989 conjuratos
540 920 748 989 pulcherrimum
765 923 868 974 lacinus
885 923 1060 976 inchoaturos.

151 989 226 1042 Alias
244 985 341 1042 deinde
359 989 543 1042 effeminatum
561 999 587 1042 et
607 989 769 1044 muliebriter
780 991 912 1059 timidum,
925 991 992 1043 alias
1004 1007 1061 1060 pro·

151 1059 263 1112 ditorem
281 1058 406 1110 amatoris
422 1059 565 1128 appellans,
582 1077 654 1112 nunc
671 1060 787 1128 ingentia
804 1061 967 1130 promittens,
982 1061 1061 1114 inter·

150 1127 269 1197 dumque
290 1131 398 1196 regnum
418 1144 530 1197 quoque,
553 1129 673 1182 versabat
693 1129 826 1183 animum³
848 1139 920 1183 tanto
943 1130 1061 1184 facinore

151 1198 240 1266 procul
259 1197 454 1251 abhorrentem.
490 1196 613 1252 Strictum
631 1198 729 1250 deinde
747 1199 866 1268 gladium
884 1199 962 1252 modo
980 1200 1059 1270 illius,

151 1267 229 1318 modo
239 1283 286 1318 suo
295 1266 441 1318 admovens
451 1265 550 1335 jugulo,
560 1269 672 1337 supplex
684 1267 756 1321 idem
769 1277 795 1320 et
807 1268 919 1321 infestus
931 1285 964 1322 ex
984 1271 1061 1322 ressit

152 1335 267 1404 tandem,
281 1344 373 1388 utnon
385 1333 471 1388 solum
483 1336 624 1404 silentium,
638 1337 687 1390 sed
704 1339 787 1391 ctiam
804 1354 912 1407 operam
924 1285 1061 1417 pollicere·

152 1412 200 1456 tur.
232 1406 356 1473 Namque
368 1404 474 1457 abunde
485 1407 629 1458 constantis
639 1407 731 1476 animi,
745 1415 771 1460 et
783 1405 879 1476 dignus
891 1425 936 1476 qur
948 1407 1061 1476 pudicus

151 1481 229 1542 esset,
249 1474 313 1526 nihil
334 1491 368 1526 ex
387 1474 496 1542 pristina
508 1474 642 1528 voluntate
663 1485 818 1545 mutaverat,
838 1475 885 1528 sed
903 1493 933 1528 se
950 1487 1059 1544 captum

114 1543 115 1546 ’
152 1543 239 1596 Dimni
251 1559 341 1596 amore
354 1542 495 1595 simulabat
507 1544 571 1596 nihil
585 1561 716 1598 recusare.
747 1545 879 1598 Sciscitari
892 1546 953 1598 inde
966 1548 1058 1616 pergit,

150 1629 212 1664 cum
226 1613 333 1682 quibus⁴
345 1621 433 1665 tantae
446 1613 483 1664 rei
496 1613 649 1666 societatem
663 1614 772 1667 inisset:
791 1614 936 1684 plurimum
952 1615 1058 1686 referre,

170 1682 244 1733 uales
263 1683 312 1734 viri
333 1690 388 1734 tam
409 1682 574 1735 memorabili
594 1684 667 1752 operi
687 1684 937 1737 admoturi-manus
959 1693 1057 1738 essent.

150 1697 206 1817 ille,
220 1759 247 1802 et
259 1767 348 1804 amore
360 1759 386 1803 et
400 1751 500 1804 scelere
513 1751 683 1820 malesanus,
697 1754 776 1806 simul
793 1755 892 1822 gratias
903 1754 965 1822 agit,
979 1755 1058 1807 simul

148 1819 300 1889 gratulatur,
313 1819 382 1889 quod
396 1819 545 1877 fortissimis
561 1820 690 1891 juvenum
702 1839 754 1876 non
765 1823 916 1876 dubitasset·
924 1841 953 1876 se
965 1823 1059 1892 adjun-

149 1905 211 1954 gere
224 1891 365 1959 Demetrio,
379 1890 493 1960 corporis
511 1890 620 1960 custodi,
637 1892 776 1962 Peucolao,
789 1893 921 1946 Nicanori.
957 1893 1059 1962 Adjicit

150 1955 191 2010 his
203 1959 397 2029 Aphoebetum,
409 1961 528 2028 Joceum,
542 1961 699 2031 Dioxermm,
713 1962 891 2032 Archepolim,
901 1965 1057 2030 Amyntam.

184 2033 225 2080 26.
242 2029 284 2082 Ab
294 2028 344 2081 hoo
353 2045 472 2082 sermone
482 2029 606 2082 dimissus
615 2030 796 2084 Nicomachus
804 2031 838 2084 ad
848 2031 964 2098 fratrem,
974 2032 1057 2084 Ceba-

149 2095 202 2148 lino
220 2107 275 2149 erat
293 2115 397 2165 nomen,
410 2114 478 2166 quae
496 2109 636 2166 acceperat
654 2099 748 2154 defert.
784 2102 881 2169 Placet,
897 2102 983 2169 ipsum
996 2101 1057 2154 aub-

149 2165 241 2217 sistere
260 2170 285 2218 in
304 2167 480 2235 tabernaculo,
500 2184 541 2233 ne,
561 2168 582 2218 si
602 2170 701 2234 regiam
719 2169 849 2238 intrasset,
867 2187 917 2222 non
931 2181 1058 2224 assuetus

148 2233 222 2286 adire
242 2251 340 2304 regem,
361 2234 490 2304 conjurati
513 2235 628 2304 proditos
647 2255 676 2288 se
696 2255 756 2290 esse
780 2239 959 2292 resciscerent.
997 2240 1056 2308 lpse

148 2301 291 2355 Cebalinus
303 2312 365 2356 ente
377 2304 537 2356 vestibulum
556 2305 652 2374 regiae,
666 2323 753 2375 neque
765 2309 838 2362 enim
850 2309 956 2378 propius
968 2307 1057 2361 aditus

149 2371 174 2423 ei
187 2373 301 2440 petebat,
317 2372 441 2494 consistit,
461 2373 600 2442 opperiens
617 2373 736 2443 aliquem
755 2377 901 2429 amicorum
919 2395 953 2430 ex
970 2379 1056 2446 prima

147 2441 273 2510 cohorte,⁵
284 2441 345 2512 quo⁸
357 2443 423 2494 intro
444 2451 564 2494 uceretur
575 2443 610 2496 ad
623 2461 721 2512 regem.
741 2445 818 2499 Forte
828 2447 923 2499 ceteris
931 2447 1054 2518 dimissis,

149 2526 216 2562 unus
229 2510 351 2580 Philotas,
365 2511 546 2564 Parmenionis
564 2511 640 2581 filius,
655 2515 786 2568 incertum
798 2532 877 2584 quam
890 2516 924 2569 ob
937 2534 1054 2588 causam,

148 2579 300 2634 substiterat
323 2581 349 2633 in
373 2582 453 2649 regia.
489 2582 556 2634 Huic
576 2583 790 2652 Cebalinus,1ore
810 2584 920 2638 confuso
940 2584 1055 2653 mag‘nae

147 2650 349 2718 perturbationis
359 2659 435 2704 ¹notas
446 2668 508 2720 prae
522 2668 551 2704 se
563 2650 658 2722 serens,
668 2654 753 2722 aperit
765 2669 834 2722 quae
847 2671 880 2706 ex
892 2654 972 2706 fratre
984 2671 1055 2708 com·
1074 2701 1077 2714 ,

146 2727 258 2838 peraret,
271 2728 297 2773 et
310 2721 367 2772 sine
379 2720 502 2774 dilatione
515 2722 627 2773 nuntiari
639 2725 694 2790 regi
705 2722 789 2794 jubet.
820 2722 943 2791 Philotas,
957 2724 1055 2776 collau·

165 2796 208 2840 ato
220 2805 259 2858 eo,
273 2791 389 2858 protinus
401 2790 478 2843 intrat
490 2789 524 2842 ad
537 2791 726 2861 Alexandmm,
740 2791 876 2862 multoque
891 2793 1005 2846 invicem
1020 2793 1055 2846 de

176 2961 182 2982 ¹
196 2956 306 3024 ‘Having
314 2957 395 3006 seized
404 2958 450 3006 and
459 2959 572 3017 clasped.'
597 2959 720 3020 Complecti
728 2960 748 3008 is
756 2960 821 3008 often
831 2962 888 3009 used
899 2963 972 3011 oftha
982 2964 1053 3012 hand.

173 3013 269 3062 ssWhat
286 3031 306 3063 rs
322 3017 357 3064 hic
373 3017 396 3064 in
412 3017 486 3066 direct
500 3018 589 3077 speech
606 3021 718 3066 becomes
730 3022 770 3068 itte
780 3020 804 3068 in
814 3021 857 3068 the
868 3025 943 3070 oratio
953 3025 1052 3084 obliqua.

147 3073 194 3120 See
206 3073 303 3132 Zumpt,
317 3074 390 3126 §703

173 3137 200 3203 ’ᾖ
210 3133 246 3180 He
263 3133 429 3182 endeavoured
446 3145 470 3182 to
480 3135 549 3182 work
564 3149 628 3193 upon
644 3135 713 3190 him‚'
731 3151 758 3184 or
770 3143 855 3186 ‘move
871 3139 939 3188 him’
974 3141 1011 3188 Ae
1027 3151 1053 3190 to

144 3191 656 3300 a,...„„,„„„„„.„m
670 3194 745 3254 §⁶⁷⁸

174 3249 320 3414 ‘ffiprima
335 3313 412 3376 cotors
428 3311 448 3358 is
464 3321 545 3358 meant
562 3311 602 3358 the
618 3310 670 3359 first
681 3313 766 3384 cohart
780 3316 958 3382 ofthehatpor.
972 3317 1051 3366 aethe

143 3367 688 3489 tlttulttlttssttthltlt{tlh
719 3373 938 3424 ”¹⁶⁶¹⁸‘⁰⁰¹¹⁰“
951 3376 1051 3425 sarm

171 3441 457 3545 ‘Morsaquailycqau
553 3444 569 3489 g
691 3465 697 3479 ⁸
