2264 3880
163 232 221 286 310
432 249 471 288 nn
495 249 603 290 essars
625 249 810 290 sarnanum.

162 357 224 420 quod
236 373 278 421 pro
294 356 353 405 hero
370 375 414 407 suo
431 365 610 422 anteeeperant,
622 359 772 424 Hephaestio
788 358 956 422 proturbavit,
968 366 996 406 ut
1013 357 1076 422 Euju

163 423 255 470 tibicen
270 439 299 471 eo
317 423 473 486 reciperetur.
506 425 592 487 Neque
610 427 686 474 multo
705 432 765 489 port,
777 440 835 473 curn
853 425 913 489 jam
935 424 1018 486 sopita
1032 423 1076 471 odia

163 487 308 548 viderentur,
320 505 382 538 nova
394 497 476 538 exorta
489 492 642 540 contentione
655 493 715 540 adeo
726 491 915 548 recruduerant,
927 495 959 538 ut
977 489 1076 537 etianir

164 559 233 600 atrox
251 554 363 620 jurgium
386 566 412 604 et
434 557 526 604 acerba
545 557 657 620 utrinque
676 557 785 605 convicia
804 563 1011 617 prorumperent.
1040 554 1076 600 Sed

164 617 299 669 Alexandri
322 621 461 670 interventu
483 622 631 684 imperioque
654 623 799 672 inimicitiae
819 621 913 668 saltem
935 621 964 669 in
985 621 1077 682 speeiem

165 683 266 734 abolitae
279 693 347 734 sunt:
366 702 422 734 cum
434 687 474 735 ille
486 687 584 750 quidem
598 688 773 750 Hephaestioni
792 687 872 735 etiarn
884 687 1011 734 -minatus
1022 691 1077 741 esset,

164 750 205 812 qui
218 750 243 798 in
254 750 449 816 flagrantissima
461 752 526 816 regis
537 754 617 816 gratia
630 754 730 815 positus,
741 768 896 815 quamquam
915 753 1038 815 cupidum
1053 767 1077 798 rr·

165 816 343 865 conciliationis
356 817 500 876 Eumenem,
512 818 660 880 pertinacius
671 819 835 867 aversabatur.

198 881 340 932 Perventum
354 884 441 932 deinde
454 890 492 932 est
509 884 535 931 in
553 883 651 932 Mediae
664 901 771 947 campos,
782 885 824 932 ubi
842 884 956 932 maximi
976 899 1078 946 eqnema

165 963 252 1012 greges
270 949 438 1010 pascebantur.
472 947 576 998 Nisaeos
593 951 722 1012 appellant,
733 949 910 1014 magnitudine
923 956 952 997 et
964 950 1045 1012 specie
1054 949 1079 996 in-

165 1015 257 1077 signes.
290 1014 367 1076 Supra
384 1015 561 1078 quinquaginta
578 1015 647 1064 milia
660 1017 693 1064 ibi
705 1021 807 1078 reperta,
819 1029 878 1062 cum
899 1016 1048 1064 Alexander
1060 1031 1080 1060 ea

166 1079 289 1136 transiret,
298 1095 312 1126 a
322 1080 451 1128 comitibus
461 1080 526 1128 illius
538 1087 682 1129 annotatum
695 1088 745 1130 est:
757 1081 816 1128 olim
826 1081 902 1142 triplo
912 1082 1003 1142 plures
1012 1081 1080 1128 fisse.

165 1145 208 1192 eod
221 1144 284 1194 inter
296 1145 411 1193 bellorum
423 1147 506 1194 turbas
518 1147 651 1194 maximam
665 1164 748 1196 cerum
760 1154 853 1209 partem
875 1147 1023 1208 praedones
1039 1147 1080 1193 abe·

166 1209 239 1274 gisae.
273 1212 312 1259 Ad
325 1211 429 1274 triginta
446 1212 498 1259 dies
515 1212 549 1259 ibi
567 1213 675 1261 substitit
693 1229 741 1262 rer.
775 1211 812 1260 Eo
832 1214 976 1276 Atropates
996 1213 1080 1262 Mediae

166 1281 263 1338 satrapa
275 1283 373 1324 centum
387 1277 502 1326 barbaras
514 1278 630 1326 mulieres
642 1278 749 1336 adduxit,
757 1278 886 1341 equitandi
897 1278 1007 1340 peritas,
1016 1277 1080 1340 peltis

166 1355 212 1402 que
224 1347 249 1388 et
266 1341 392 1388 securibus
410 1349 532 1390 armatas:
550 1344 615 1391 unde
632 1345 732 1406 quidam
750 1345 920 1402 crediderunt,
934 1345 1079 1392 Amazonum

167 1421 196 1452 cr
208 1412 281 1468 gente
293 1406 407 1468 reliquias
417 1406 501 1456 fuisse.
529 1409 645 1470 Septimis
655 1411 741 1458 deinde
751 1409 839 1457 castris
849 1409 994 1458 Ecbatana
1005 1409 1081 1472 attigit

37 1475 41 1484 '
81 1499 84 1512 ·
167 1469 266 1518 Mediae
278 1477 357 1532 eaput.
391 1470 430 1520 Ibi
442 1472 570 1521 sollemnia
588 1473 636 1522 diis
653 1475 774 1536 sacrificia
786 1475 852 1532 fecit,
865 1475 993 1538 ludosque
1012 1475 1081 1524 edidit

167 1543 189 1584 ct
203 1536 228 1582 in
241 1536 352 1584 convivia
364 1537 483 1601 festosque
496 1539 548 1586 dies
560 1539 652 1588 laxavit
669 1541 788 1599 animum,
799 1546 828 1589 ut
844 1557 906 1589 nrox
925 1542 958 1590 in
977 1556 1080 1591 novoruu

167 1619 264 1664 operum
284 1618 367 1650 curam
387 1609 458 1666 atque
478 1604 615 1654 ministeria
634 1606 735 1654 validior
755 1607 939 1655 intenderetur.
977 1607 1027 1655 Sed
1047 1607 1080 1654 ista

168 1668 308 1726 volventem,
315 1669 380 1716 velut
392 1669 483 1733 injecta
494 1685 577 1728 manu,
587 1669 663 1719 satum
674 1671 723 1720 alio
732 1672 812 1729 traxit,
821 1671 956 1734 vitamque
967 1673 1082 1721 carissime

167 1734 302 1782 arrrioorum
315 1735 374 1798 ejus,
383 1750 460 1796 neque
473 1735 549 1782 multo
561 1742 615 1797 post
627 1737 672 1798 ipsi
685 1752 776 1800 quoque
788 1736 841 1800 regi
853 1738 975 1786 extorsit.
1005 1739 1081 1786 Puera

167 1799 190 1846 in
199 1799 279 1846 stadio
287 1805 408 1847 certantes
417 1801 549 1861 spectabat,
556 1817 611 1848 curn
620 1802 746 1852 nuntiatur
756 1802 856 1850 deficere
865 1803 1081 1864 Hephaestionem.

166 1863 206 1928 qui
218 1865 301 1912 morbo
313 1880 343 1912 ex
354 1865 454 1925 crapula
467 1871 590 1914 contracto
608 1867 738 1928 septimum
754 1870 806 1934 jam
826 1868 894 1915 diem
913 1870 1081 1918 deernnbebat

168 1929 303 1980 Exterritus
315 1929 390 1978 amici
402 1930 509 1992 periculo
526 1932 608 1980 statim
629 1933 760 1997 consurgit,
771 1939 796 1981 et
814 1934 844 1980 ad
864 1933 1012 1995 hospitium
1032 1935 1081 1984 rura

167 1996 278 2044 celeriter
291 1995 383 2059 pergit:
400 2011 479 2058 neque
492 2001 575 2044 tamen
587 1999 653 2059 prius
666 2014 694 2046 eo
704 1998 820 2060 pervenit,
832 2015 909 2060 quam
933 2001 1013 2049 illum
1032 2017 1081 2048 mea

167 2069 314 2123 occupasset.
349 2059 378 2109 Id
396 2061 448 2124 regi
466 2062 584 2120 omnium,
596 2079 658 2126 quae
676 2063 702 2110 in
713 2064 764 2111 vita
776 2063 919 2126 pertulerat,
932 2067 1081 2115 adversorum

167 2125 375 2174 luctuosissimum
396 2126 517 2175 accidisse
536 2135 629 2176 certum
653 2128 764 2188 habetur,
782 2145 888 2190 cumque
912 2133 1082 2196 magnitudine

167 2191 255 2239 doloris
272 2190 298 2238 in
321 2190 437 2239 lacrimas
459 2199 484 2240 et
506 2192 615 2241 lamenta
632 2193 730 2252 victum,
748 2193 824 2242 multa
848 2194 932 2243 animi
959 2199 992 2244 de
1017 2199 1082 2262 gradu

167 2255 255 2319 dejecti
278 2263 426 2318 argumenta
448 2259 562 2307 edidisse.
598 2259 646 2308 Sed
669 2275 699 2306 ea
721 2260 820 2321 quidem
843 2261 912 2307 varie
948 2265 1082 2311 traduntur:

168 2320 226 2368 illud
249 2319 312 2368 inter
333 2337 418 2368 omnes
442 2329 544 2381 constat,
564 2330 591 2372 ut
613 2341 686 2386 quam
711 2325 899 2372 decentissimas
924 2329 1050 2390 exequias
1065 2329 1082 2376 ei

166 2386 273 2441 duceret,
285 2385 390 2434 noluisse
403 2385 537 2435 Ecbatanis
549 2390 655 2450 sepeliri,
667 2391 709 2438 sed
722 2389 883 2453 Babylonem,
894 2407 948 2452 quo
968 2394 1023 2456 ipse
1041 2409 1082 2442 ccc

166 2466 279 2498 cessurus
296 2455 357 2509 erat,
368 2467 383 2498 a
400 2450 519 2500 Perdicca
539 2455 627 2502 deferri
647 2471 760 2503 curasse:
779 2455 859 2518 ibique
880 2457 963 2505 funus
982 2460 1083 2508 inaudite

166 2516 271 2564 antchac
284 2516 392 2578 exemplo
403 2517 533 2567 duodecim
552 2521 672 2568 talentum
692 2520 790 2568 milibus
809 2521 942 2570 locavisse.
981 2524 1083 2574 Persai

76 2621 79 2626 ,
165 2598 261 2630 versum
273 2587 336 2632 certe
349 2582 480 2646 imperium
491 2585 571 2649 lugeri
582 2598 638 2633 eum
652 2587 739 2649 jussit:
757 2591 783 2632 et
798 2603 829 2633 ne
847 2589 979 2638 memoria
997 2591 1082 2656 cjusiu

166 2647 275 2697 exercitu
297 2649 450 2707 exolesceret,
468 2649 596 2712 equitibus,
614 2651 668 2712 quis
687 2651 830 2713 praefuerat,
849 2651 952 2701 nullum
975 2659 1084 2716 praeierit

166 2713 261 2772 ducem,
272 2715 315 2762 sed
328 2714 515 2777 Hephaestionis
527 2716 592 2763 alam
605 2717 722 2778 appellari
734 2717 814 2774 voluit,
826 2722 850 2763 et
867 2733 936 2778 quae
957 2720 1003 2770 ille
1022 2723 1083 2787 signs

165 2778 318 2838 instituisset,
326 2795 356 2828 ea
364 2796 412 2827 non
420 2780 554 2830 immutari.
584 2779 708 2830 Funebria
718 2782 854 2830 certamina
863 2781 1002 2847 ludosque,
1011 2791 1084 2852 quales

165 2858 290 2904 nunquam
302 2844 362 2892 editi
374 2844 484 2903 fuissent,
495 2845 635 2904 meditatus,
644 2847 692 2895 tria
704 2847 824 2896 artificum
836 2845 909 2896 milia
929 2853 1036 2918 coegit:
1052 2854 1084 2915 qu

165 2923 214 2954 non
226 2909 302 2956 multo
314 2916 368 2970 post
376 2909 402 2959 in
411 2910 488 2972 ipsius
498 2912 605 2973 exequiis
615 2919 721 2960 certasse
734 2913 850 2960 seruntur.
880 2911 940 2964 Nee
950 2919 1033 2968 aurici
1043 2928 1084 2967 tam

165 2971 242 3019 effuse
254 2973 344 3022 affectu
355 2976 387 3023 ad
399 2975 577 3024 conciliandam
590 2979 642 3024 e'ur
653 2977 761 3041 gratiam
780 2978 889 3042 segniter
907 2981 962 3040 usi,
975 2985 1084 3032 certatim

164 3053 296 3098 repperere,
309 3055 351 3101 per
362 3057 422 3103 quae
435 3041 554 3090 memoria
566 2995 674 3090 deduneti
691 3043 778 3092 clarior
795 3044 997 3110 honoratiorque
1019 3051 1084 3098 fieret

165 3101 244 3167 Igitur
255 3101 386 3164 Eumenes,
399 3122 455 3154 eum
474 3122 499 3154 se
515 3108 546 3154 ob
565 3107 715 3156 simultatem
734 3125 790 3157 cum
809 3109 1007 3170 Hephaestione
1027 3116 1084 3180 περὶ

164 3167 358 3232 indignationem
368 3170 499 3219 incurrisse
509 3173 632 3231 sensisset,
642 3175 725 3222 multis
735 3181 818 3223 auctor
828 3173 884 3232 fuit,
893 3191 975 3242 seque
986 3189 1013 3230 et
1024 3197 1083 3229 arma

164 3250 208 3281 aua
231 3231 600 3297 Hephaestioniceusecrandi,
624 3239 787 3302 pecuniasque
810 3239 843 3287 ad
866 3241 1083 3296 cohonestandum

163 3297 236 3347 sunus
247 3301 317 3364 large
335 3299 443 3348 contulit
476 3301 531 3350 Hoc
549 3305 688 3366 exemplum
707 3305 797 3362 imitati
815 3310 874 3354 sunt
894 3311 997 3360 ceteri:
1018 3327 1083 3374 eoque

163 3379 221 3411 mox
227 3365 344 3428 precessit
350 3366 539 3416 assentationem
548 3367 705 3430 impudentia,
713 3377 740 3418 ut
746 3370 799 3435 regi
807 3385 919 3422 maerore
928 3382 959 3424 et
967 3377 1084 3427 desideria

163 3428 271 3479 defuncti
282 3429 416 3480 insanienti
428 3446 571 3493 persuasum
582 3434 682 3482 tandem
693 3433 775 3496 fuerit,
787 3436 861 3484 deum
879 3453 939 3489 esse
961 3443 1083 3508 Hepbaee
