2410 3890
145 179 203 236 llo
412 193 452 234 nir
476 193 583 234 auaris
605 195 790 236 stannum.

142 302 190 358 nbi
208 319 256 358 nos
269 303 403 357 uberrima
414 303 539 356 victoriae
551 303 670 372 praemia
683 311 832 373 expectant,
846 302 979 372 Ιιικιιιιιιι,1
992 319 1055 356 oon·

140 373 242 442 jugum,
256 382 449 442 parentumque
466 373 576 441 laetitia,
589 389 649 442 pax,
663 374 745 442 quies,
760 387 847 426 rernm
865 389 912 442 per
927 373 1055 426 virtutem

140 449 277 512 partarum
289 459 383 496 secura
395 441 534 512 possessio.
571 441 622 498 Sed
641 443 667 494 in
686 458 760 511 novo,
774 451 801 494 et
816 441 851 512 (si
863 459 957 494 verum
975 441 1054 494 fateri

141 511 275 580 volumus)
287 512 402 581 precario
420 511 552 580 imperio,²
562 511 650 564 adhuc
667 510 762 580 jugum
779 511 837 580 ejus
852 511 935 578 rigida
947 512 1054 564 cervice

142 581 317 634 subeuntibus
331 580 457 650 barbaris,
471 590 597 649 ternpore,
611 580 716 648 milites,
730 597 795 650 opus
807 589 855 648 est,
868 579 933 634 dum
946 581 1054 633 mitiori·

141 651 192 704 bns
209 650 321 719 ingeniis
338 649 500 719 imbuuntur,
513 660 541 702 et
553 649 676 702 efferatos
695 650 797 702 mollior
813 650 975 702 consuetudo
994 667 1052 718 per-

142 720 262 774 mulcet.⁸
296 720 398 789 Fruges
415 735 521 788 quoque
541 719 721 771 maturitatem
741 729 837 772 statuto
858 721 987 786 tempore⁴
1006 736 1051 772 ex-

141 798 263 858 pectant:
287 789 354 841 adeo
375 789 457 842 etiam
478 788 523 840 illa
543 803 638 850 sensus
657 789 743 840 omnis
760 789 878 857 expertia
896 799 984 840 tamen
1004 805 1052 840 sua

141 861 201 928 lege
218 859 369 912 mitescunt.
406 857 495 916 Quidt
514 856 621 909 creditis
639 867 794 926 tergentes,
814 857 922 913 alterius
940 857 1052 925 imperio

140 945 172 981 ac
184 931 290 982 nomine
301 929 441 996 assuetas,⁶
454 943 503 978 non
517 927 606 995 sacris,
620 943 671 978 non
683 927 809 993 moribus,
824 944 874 978 non
893 927 1052 978 commercio

140 997 245 1066 linguae
264 997 404 1050 nobiscum
422 995 602 1064 cohaerentes,
622 995 717 1049 eodem
736 995 833 1064 proelio
852 996 966 1048 domitas
983 1011 1050 1064 esse,

138 1083 191 1137 quo
200 1069 286 1120 victae
299 1065 378 1118 sunt‘l
407 1065 509 1117 Vestris
520 1065 600 1118 armis
612 1066 785 1132 continentur,
796 1082 846 1117 non
860 1067 915 1117 suis
926 1064 1050 1134 moribus,

124 1146 167 1189 *et
185 1137 230 1206 qui
248 1144 402 1205 praesentes
419 1143 549 1204 metuunt,
568 1135 595 1186 in
613 1134 736 1187 absentia
755 1133 947 1186 hostes'erunt.
984 1135 1051 1188 Cum

140 1205 205 1259 feris
220 1205 315 1258 bestiis
327 1221 369 1256 res
381 1212 429 1272 est,
443 1221 509 1272 quas
521 1213 613 1273 captas
625 1214 652 1256 et
664 1205 788 1273 inclusas,
802 1203 865 1272 quia
877 1203 993 1273 ipsarum
1006 1220 1050 1255 na-

140 1285 198 1328 tura
209 1291 261 1326 non
273 1281 367 1343 potest,
380 1273 482 1340 longior
494 1273 551 1326 dies
563 1273 674 1341 mitigat.

174 1349 200 1398 8.
219 1344 254 1398 Et
271 1343 360 1395 adhuc
379 1343 417 1394 sic
435 1359 492 1412 ago,
511 1351 637 1412 tanquam
656 1343 745 1395 omnia
764 1342 874 1395 subacta
893 1343 943 1393 sint
961 1341 1049 1409 armis,

140 1430 208 1482 quae
219 1413 327 1466 fuerunt
339 1413 366 1464 in
378 1411 480 1464 dicione
494 1413 580 1464 Darei.
617 1413 779 1481 Hyrcaniam
791 1413 963 1465 Nabarzanes
974 1427 1050 1463 occu·

140 1483 228 1554 pavit,
247 1482 341 1534 Bactra
354 1498 403 1533 non
417 1481 533 1550 possidet
546 1481 631 1534 solum
644 1481 772 1550 parricida
785 1481 890 1549 Bessus,
904 1481 951 1532 sed
969 1481 1049 1532 etiam

141 1552 269 1616 minatur,
287 1551 418 1620 Sogdiani,
433 1551 532 1618 Dahae,
545 1551 715 1618 Massagetae
740 1551 831 1618 Sacae,
851 1550 908 1602 ludi
927 1550 967 1601 sui
985 1549 1051 1619 juris

140 1629 209 1674 sunt.
245 1621 344 1673 Omnes
357 1621 391 1688 hi,
405 1619 484 1672 simul
497 1628 570 1688 terga
582 1630 669 1672 nostra
681 1589 802 1688 viderint,
813 1619 975 1688 sequentur.⁶
1009 1619 1051 1671 Illi

139 1691 213 1743 enim
225 1690 347 1759 ejusdem
363 1689 476 1754 nationis
487 1698 555 1758 sunt,
569 1706 616 1741 nos
628 1689 794 1758 alienigenae
807 1698 833 1742 et
846 1689 955 1741 externi.
975 1736 977 1742 ,
992 1687 1051 1740 Suis

140 1760 252 1829 quisque
275 1768 365 1812 autem
388 1755 529 1828 placidius,
542 1767 623 1829 paret,
645 1759 727 1812 etiam
750 1775 813 1811 cum
837 1758 860 1810 is
882 1766 987 1826 praeest
1005 1758 1050 1826 qui

139 1829 226 1898 magis
245 1827 333 1881 timeri
355 1835 450 1898 potest.
486 1827 599 1880 Proinde
617 1837 662 1880 aut
679 1845 749 1897 qnae
766 1828 888 1896 cepimus
905 1825 1051 1878 omittenda

140 1906 208 1966 sunt,
221 1906 268 1950 aut
280 1914 348 1966 quae
361 1913 412 1950 non
425 1895 558 1950 habemus
574 1897 737 1967 occupanda.
773 1897 845 1950 Sicut
858 1897 885 1949 in
898 1894 1050 1964 corporibus

139 1969 232 2036 aegris,
249 1967 355 2037 milites,
372 1965 437 2019 nihil
455 1966 525 2035 quod
544 1967 690 2020 nociturum
709 1974 757 2035 est,
774 1965 873 2019 medici
893 1965 1048 2034 relinquunt,

140 2037 179 2090 sic
201 2053 257 2104 nos,
278 2035 403 2106 quicquid
421 2036 512 2090 ¹obstat
532 2035 650 2106 imperio,
673 2035 829 2088 recidamus.
865 2034 949 2087 Parva
970 2051 1050 2104 saepe

140 2105 254 2158 scintilla
265 2113 418 2183 contempta
429 2121 556 2172 magnum
570 2105 693 2157 excitavit
707 2104 868 2158 incendium.
904 2103 979 2158 Nihil
995 2112 1050 2155 tuto

140 2175 167 2228 in
185 2173 261 2226 hoste
279 2173 328 2226 des
347 2173 439 2226 icitur:
458 2190 539 2242 quem
552 2173 689 2242 spreveris,
703 2174 874 2226 valentiorem
890 2172 1050 2240 negligentia

140 2242 234 2295 facias.
270 2243 313 2295 Ne
356 2259 434 2294 arens
452 2243 562 2310 quidem
580 2242 766 2294 hereditarium
788 2242 927 2295 Persarum
945 2241 1050 2310 accepit

140 2311 292 2381 imperium,
306 2311 353 2364 sed
371 2313 398 2363 in
417 2311 509 2364 sedem
528 2311 597 2380 Cyri,
611 2311 740 2372 beneficio
758 2311 862 2379 Bagoae
878 2311 987 2364 castrati
1003 2311 1048 2362 ho·

139 2381 226 2450 minis,
251 2380 398 2432 admissus:
429 2397 464 2432 ne
488 2397 535 2432 vos
557 2391 662 2449 magno
678 2380 766 2433 labore
789 2381 913 2434 credatis⁷
936 2381 1048 2432 Bessum

140 2465 256 2503 monum
268 2465 377 2517 regnum
390 2459 589 2518 occupaturum.
775 2483 778 2485 -

175 2524 199 2571 9.
218 2520 274 2572 Nos
291 2535 354 2571 vero
373 2520 550 2589 peccavimus,
570 2517 676 2588 milites,
696 2520 717 2570 si
737 2520 853 2572 Dareum
871 2519 906 2572 ob
924 2518 974 2571 hoc
986 2519 1049 2572 vici·

140 2606 209 2659 mus,
233 2596 262 2642 ut
286 2605 363 2640 servo
386 2588 446 2659 ejus
472 2588 636 2642 traderemus
664 2589 822 2658 imperium:
853 2588 898 2657 qui
924 2589 1048 2642 ultimum

140 2674 220 2711 ausus
243 2658 341 2727 scelus,
359 2675 450 2726 regem
473 2677 559 2730 suum,
581 2659 661 2711 etiarn
685 2667 810 2712 externae
833 2659 890 2726 opis
914 2666 1046 2726 egentem,

141 2735 212 2781 certe
230 2729 274 2780 cui
292 2745 340 2780 nos
357 2728 471 2781 victores
488 2728 707 2797 pepercissemus,
720 2727 796 2796 quasi
808 2726 941 2795 captivum
955 2727 981 2778 in
993 2727 1048 2779 vin·

140 2791 208 2850 culis
225 2796 326 2866 hebuit,
345 2797 379 2850 ad
399 2797 530 2865 ultimum,
549 2813 582 2848 ne
600 2813 616 2848 a
634 2795 709 2848 nobis
727 2795 875 2848 conservari
892 2804 989 2864 posset,
1005 2811 1048 2866 oc-

170 2917 177 2940 ¹
188 2910 209 2958 F
210 2926 237 2959 or
247 2913 377 2960 liberorum.
409 2911 456 2958 See
469 2910 549 2958 Grata.
562 2910 575 2961 l
586 2913 623 2966 58,
636 2913 658 2956 5.

169 2970 213 3016 Ἀ
230 2969 352 3018 dominion
367 2969 455 3023 which,
471 2985 497 3016 ss
514 2969 619 3023 iterem,
636 2983 674 3014 we
690 2967 747 3016 hold
763 2967 820 3028 only
830 2969 863 3026 by
874 2967 966 3026 favour,
978 2984 1006 3018 or
1016 2983 1047 3017 on

136 3027 291 3084 ,rull'erancu
309 3029 361 3075 that
372 3029 401 3083 is,
414 3028 494 3075 which
505 3027 526 3074 is
536 3041 595 3086 very
605 3027 717 3080 unstable
729 3027 775 3074 and
785 3027 903 3075 insecura.

169 3092 178 3116 ³
190 3087 370 3154 Subiunctives,
383 3089 519 3135 imbuantur
529 3086 575 3132 and
583 3087 732 3148 permulceat,
745 3085 826 3134 would
836 3085 898 3134 heve
908 3088 971 3135 been
983 3101 1047 3136 more

141 3143 567 3272 sppppprrtahtpeapggienggagrggsuel}
577 3203 653 3250 time?

172 3263 238 3312 *For
248 3262 296 3310 this
307 3270 478 3318 construction,
491 3278 532 3310 ree
543 3277 575 3309 ιιι.
587 3265 624 3319 23,
638 3263 707 3310 ιι33.

170 3330 179 3354 ·
190 3322 238 3371 For
248 3323 403 3382 inescamur·
412 3335 438 3368 or
446 3329 622 3382 persequenter.
664 3335 671 3340 ·

144 3441 149 3452 ,
171 3379 334 3452 'AEqnivalent
345 3388 371 3426 to
381 3382 467 3426 mam
476 3397 515 3428 cos
526 3383 635 3438 credatu,
650 3385 705 3429 ‘not
720 3389 746 3430 to
761 3380 837 3442 rpcak
847 3379 875 3428 ol
886 3380 1047 3442 yourbelisr·

143 3441 201 3503 mg?
218 3505 220 3514 Ι
233 3439 280 3490 See
292 3439 390 3500 Zumpt,
403 3437 417 3490 t
428 3439 480 3487 573.
