2410 3890
526 201 618 242 srsua
638 202 678 242 tv·
1015 185 1053 242 7⁸

143 309 316 382 Aegyptique
339 310 505 364 Cleomenes.
549 311 590 364 Ex
610 312 729 366 finitimis
750 271 860 364 urbibus
880 310 1054 378 commigrare

144 380 332 435 Alexandriam
355 380 452 450 jussis,¹
472 397 567 433 novam
587 383 679 434 urbem
701 399 796 448 magne
817 380 987 434 multitudine
1006 381 1055 434 im·

144 451 237 526 plevit.
273 450 357 503 Fama
369 462 417 520 est,
431 467 493 502 cum
512 469 558 504 rex
575 451 648 504 urbis
666 451 769 504 suturae
786 468 874 504 muros
924 450 1013 519 (lenta,
1026 457 1055 504 ut

145 519 326 574 Macedonum
338 529 456 592 mosset,
470 520 648 588 destinasset,2
660 523 748 572 avium
762 537 858 588 greges
868 538 884 571 a
906 520 1015 590 volasse,
1029 527 1056 573 et

144 591 251 660 polenta
267 607 327 643 esse
343 599 448 659 pastas:
468 606 582 658 cumque
601 589 626 644 id
646 607 723 643 omen
743 607 788 658 pro
808 591 871 642 tristi
889 607 905 642 a
923 589 1055 660 plerisque

145 667 215 712 esset
227 676 292 712 acce
312 670 376 728 turn,
390 660 556 727 respondisse
569 670 651 728 vates,
665 677 790 727 magnam
810 659 882 711 illem
901 659 994 713 urbem
1011 659 1056 712 ad·

146 746 273 850 cenapum
286 677 462 832 despuendam
471 731 610 799 culturam,
621 729 764 798 multisque
773 745 834 782 eam
843 729 918 782 terris
929 729 1057 782 alimenta

165 816 208 850 rae
229 809 333 850 ituram.

145 818 163 870 p
180 873 223 922 34.
240 869 350 937 Regem,
363 885 425 922 cum
445 869 561 922 secundo
578 870 661 922 amni⁴
673 869 809 936 deflueret,
823 868 930 936 assequi
947 869 1058 937 cupiens

146 939 250 1007 Hector,
275 939 457 994 Pannenionie
481 937 558 1009 filius,
579 939 678 991 eximio
701 938 798 990 aetatis
821 938 892 1008 flore,
914 938 941 990 in
965 937 1058 1007 peucis

145 1007 298 1061 Alexandro
328 1025 412 1077 carus,
432 1025 547 1078 parvum
577 1010 712 1076 navigium
743 1007 904 1072 conscendit,
929 1007 1055 1076 pluribus,

145 1094 227 1199 auam
245 1095 342 1147 capere
360 1087 457 1148 posset,
476 1079 613 1147 impositis.
650 1079 743 1147 ltaque
763 1095 851 1131 mersa
869 1078 945 1130 navis
964 1093 1058 1130 omnes

164 1149 266 1200 astituit
276 1151 294 1200 :⁶
311 1148 415 1216 Hector,
428 1145 475 1200 diu
488 1148 590 1200 flumini
602 1148 760 1216 obluctatus,
773 1164 835 1200 curn
852 1147 965 1200 madens
976 1146 1058 1199 vestis

146 1227 173 1270 et
196 1217 316 1270 adstricti
346 1216 460 1288 crepidis
489 1217 572 1286 pedes
601 1228 692 1270 natare
722 1217 897 1287 prohiberent,
922 1217 949 1269 in
974 1217 1057 1286 ripam

146 1297 236 1356 tamen
260 1287 428 1342 semianimis
448 1287 540 1356 evasit,
561 1299 588 1340 et
607 1297 637 1340 ut
655 1287 771 1356 primurn
792 1287 918 1355 fatigatus
937 1286 1057 1356 spiritum

146 1357 253 1428 latravit,
272 1373 354 1427 qnem
377 1367 466 1410 matus
485 1372 512 1410 et
533 1357 681 1428 periculum
705 1357 872 1425 intenderat,⁸
893 1355 965 1408 nullo
982 1354 1058 1426 adju·

146 1435 226 1480 vante
246 1428 358 1498 (qnippe
378 1427 405 1478 in
426 1426 561 1480 diversum
582 1435 721 1479 evaserant
739 1426 796 1495 alii)
817 1426 984 1478 exanimatus
1007 1432 1056 1478 est.

146 1497 245 1550 Amissi
263 1497 323 1566 ejus
339 1496 470 1550 desiderio
484 1496 657 1550 vehementer
669 1490 785 1549 afflictus
797 1497 857 1565 est‚⁷
871 1504 1057 1564 repertumque

146 1581 242 1636 corpus
266 1566 408 1635 magnifico
433 1565 528 1619 extulit
553 1566 653 1618 lunera.
697 1565 822 1618 Oneravit
846 1564 917 1618 huno
940 1563 1057 1618 dolorem

146 1638 254 1690 nuntius
288 1637 382 1690 mortis
410 1635 599 1706 Andromachi,
629 1653 711 1705 quem
747 1633 911 1704 praefecerat
949 1633 1056 1704 Syriae:

146 1706 237 1758 vivum
255 1705 401 1760 Samaritae
424 1715 616 1758 cremaverant.
651 1704 694 1758 Ad
719 1705 796 1774 cujus
821 1703 956 1758 interitum
973 1701 1057 1757 vindi·

130 1771 270 1844 candum,
292 1784 390 1845 quanta
413 1775 533 1828 maxima
555 1774 693 1827 celeritate
717 1775 808 1842 potnit,
830 1772 988 1826 contendit:
1011 1771 1057 1825 ad·

145 1845 319 1914 venientique
332 1851 392 1897 sunt
404 1843 492 1897 traditi
501 1845 571 1896 'tanti
585 1844 694 1896 sceleris
706 1851 833 1895 auctores.
870 1840 1056 1895 Andromacho

146 1914 245 1968 deinde
264 1915 412 1968 Memnona
431 1913 572 1980 substituit,
588 1913 745 1980 effectisque
765 1910 901 1980 supplicio,
920 1911 965 1979 qui
984 1925 1058 1980 prae·

147 1995 231 2038 torem
249 1984 447 2052 interemerant,
469 1991 600 2052 tyrannos,
621 1982 690 2034 inter
709 1981 786 2050 quos⁸
804 1979 1058 2049 Methymnaeorum

146 2055 323 2107 Aristonicum
345 2062 372 2106 et
393 2051 575 2122 chrysolaum,
589 2050 759 2120 popularibus
777 2051 836 2103 suis
852 2049 973 2102 tradidit:
991 2064 1058 2118 quos

147 2123 185 2175 illi
211 2125 245 2177 ob
271 2122 380 2193 injurias
406 2132 486 2174 tortos
510 2131 679 2175 necaverunt.
723 2119 927 2174 Atheniensium
950 2117 1056 2189 deiude,

146 2194 319 2246 Rhodiorum⁰
341 2201 369 2245 et
393 2191 517 2244 Chiorum
547 2191 648 2259 legatos
678 2189 760 2243 audit.
803 2188 982 2243 Athenienses
1004 2187 1058 2242 ric-

147 2264 242 2315 toriam
254 2262 481 2330 gratulabantur,¹⁰
492 2270 520 2313 et
531 2270 561 2314 ut
572 2277 603 2313 ca
624 2259 669 2312 tiri
686 2262 847 2314 Graecorum
864 2257 920 2312 suis
936 2258 1057 2312 restitue·

148 2342 242 2400 rentur,
265 2331 392 2384 orabant:
417 2329 512 2384 Rhodii
533 2340 560 2383 et
581 2280 639 2383 ciiii
665 2331 699 2382 de
723 2328 854 2400 praesidio
870 2327 1057 2398 querebantur.

145 2402 246 2455 Omnes
265 2417 353 2470 aequa
373 2400 525 2454 desiderare
545 2399 604 2469 visi,
625 2401 842 2470 impetraverunt.
885 2396 1058 2466 Mitylenaeis

175 2567 185 2648 ἒ
196 2557 709 2686 -Shllhll'lll‘lii'nihilnhilkiili
715 2557 1062 2686 tlttttrhtlt'dth,

147 2679 175 2727 of
187 2679 250 2728 moal
266 2678 303 2726 lor
318 2678 367 2745 thre
382 2691 494 2736 purpose,
507 2686 548 2724 not
560 2687 586 2722 to
597 2691 611 2722 a
621 2691 668 2723 moe
680 2674 846 2730 Macedonum,
858 2675 902 2722 but
913 2683 980 2722 toan
994 2689 1055 2724 acor·

147 2738 228 2786 dental
240 2748 304 2786 went
315 2737 340 2784 ol
355 2735 436 2784 ohalls.

177 2796 225 2843 ²ln
241 2796 301 2844 alter
317 2811 387 2856 years
404 2793 552 2842 Alexandria
567 2792 678 2852 supplied
694 2793 773 2842 Rome
786 2792 847 2840 with
861 2807 919 2841 corn
929 2801 1057 2856 tongreat

148 2865 285 2962 ex‘niht'this
296 2913 445 2972 expression,
462 2912 547 2961 ‘down
558 2911 599 2960 the
610 2911 691 2967 river‚’
703 2927 771 2960 amne
781 2911 802 2960 is
811 2910 853 2958 the
866 2911 978 2973 ordinary
988 2911 1060 2962 ferm..

149 2973 231 3027 Arnai,
245 2972 365 3028 however,
379 2973 430 3021 also
440 2987 533 3020 occurs.

180 3038 188 3062 ¹
201 3037 206 3056 ⁶
218 3031 273 3078 The
284 3031 321 3078 shi
344 3031 420 3087 sunk,
434 3030 481 3079 and
493 3031 535 3078 lelt
546 3029 614 3078 them
625 3029 748 3089 halpless.'

178 3096 186 3120 ⁸
200 3089 277 3158 ‘Fear
286 3047 337 3137 and
343 3090 432 3157 danger
443 3090 503 3145 (thet
511 3090 541 3144 is,
552 3089 592 3137 the
603 3089 653 3136 sear
661 3088 805 3138 occasioned
814 3089 847 3150 by
854 3088 894 3138 his
902 3089 1000 3151 denger)
1010 3089 1059 3140 had

148 3147 313 3254 cupistmrnpd
323 3148 450 3256 lpppelppps'
462 3151 604 3256 Aiiiddd'ei
611 3148 723 3202 breath').

177 3273 185 3297 ·
197 3207 279 3315 hil}
289 3223 399 3315 rye'sorven
410 3223 460 3314 nit
471 3276 491 3314 a
498 3224 566 3315 ime
577 3244 620 3314 ei.

177 3325 332 3386 ‘According
343 3335 368 3374 to
379 3325 419 3374 the
431 3325 490 3382 rule,
502 3326 570 3374 thera
581 3325 658 3386 ought
668 3335 694 3374 to
705 3325 766 3374 have
777 3327 839 3374 been
850 3325 892 3374 the
902 3324 1062 3386 conjunction

149 3395 197 3474 αἶ·
205 3384 396 3506 {diddidgihd
407 3387 564 3506 {hieronem
575 3443 727 3556 oggratulor,
739 3457 781 3492 ses
792 3441 890 3503 Zumpt,
902 3442 917 3495 i
927 3444 979 3500 629.
991 3448 1061 3492 acts·-
