2410 3890
137 239 191 294 100
396 253 435 292 na
459 252 565 292 oasrrs
587 252 770 292 rtuxrunar.
866 265 867 269 =

134 361 315 418 Macedonum
333 359 466 428 paucitate
485 368 626 427 conspecta
651 370 752 414 turmas
770 361 797 416 iu
814 358 906 414 obvios
925 357 1039 412 concita-

135 439 237 484 verunt.
273 431 343 482 Ante
366 428 440 495 signa
464 444 509 480 rex
532 428 594 497 ibat,
618 399 781 482 dissimulato
805 428 891 496 magis
914 427 1037 496 periculo,

136 514 214 568 quam
228 507 323 567 spreto.
358 498 417 550 Neo
433 496 518 550 deluit
530 498 555 549 ei
567 508 694 576 perpetua
712 499 737 550 in
755 497 841 550 dubiis
859 495 938 550 rebus
955 496 1038 549 felici·

138 576 190 620 tas:
210 583 324 635 namque
336 565 500 636 praefectum
513 575 645 635 equitatus
661 565 769 619 avidum
787 566 947 635 certaminis,
961 575 988 618 et
1005 565 1039 618 ob

138 636 162 688 id
185 637 270 704 ipsurn
290 635 422 687 incautius
441 636 467 688 in
488 652 517 687 se
538 645 665 702 ruentem,
685 635 761 688 hasta
782 635 916 703 transfixit,
934 651 985 703 quo
1006 651 1040 688 ex

138 721 204 773 equo
223 704 303 773 lapso,
320 704 476 773 proximum,
490 721 523 756 ac
541 703 603 756 dein
622 704 710 772 plures
729 703 824 756 eodem
844 703 895 756 telo
916 702 1039 756 coulodit.

139 773 258 826 luraaere
273 772 388 826 turbatos
399 773 479 825 amici
492 789 610 850 qunque:
629 790 678 825 nec
696 773 792 826 Persae
808 773 883 825 inulti
900 771 1037 841 cadebant,

138 843 233 912 quippe
246 858 296 894 non
315 842 453 894 universae
471 859 551 910 acres,
565 857 645 910 quarn
664 839 714 894 hae
733 841 917 894 tumultuariae
936 859 1038 910 monus,

137 911 322 964 vehementius
333 911 415 964 iniere
427 917 571 964 certamen.
607 911 727 964 Tandem
736 909 920 980 barbaricum
929 910 1039 989 obscura

43 986 47 993 '
136 980 196 1032 luce
209 981 288 1034 tutior
300 979 362 1048 luga
379 977 513 1032 videretur
530 995 589 1031 esse
608 996 689 1047 quarn
707 996 801 1048 pugna,
815 979 940 1048 dispersis
957 997 1039 1048 agrur-

137 1049 215 1102 nibus
232 1049 329 1102 abiere.
365 1047 429 1116 Rex,
449 1047 651 1100 extraordinario
669 1048 785 1118 periculo
803 1048 951 1118 defunctus,
970 1049 1039 1101 incc-

136 1117 224 1171 lumes
235 1135 296 1171 suos
308 1115 411 1170 reduxit
422 1117 448 1168 in
460 1125 554 1168 castra.

172 1191 213 1239 6³.
231 1185 357 1240 Cecidere
376 1186 522 1253 Persarum,
560 1202 652 1239 uorum
672 1202 814 1240 numerum
833 1185 945 1238 victores
964 1186 1039 1240 finire

136 1264 283 1324 potuerunt,
295 1253 368 1306 milia
385 1255 438 1322 XL,
456 1203 635 1308 Macedonum
653 1255 741 1308 minus
759 1271 838 1324 quam
857 1255 920 1308 CCC
938 1254 1039 1308 deside·

138 1324 186 1376 rati
210 1331 278 1376 sunt.
321 1323 444 1376 Ceterum
467 1322 535 1377 hanc
559 1323 695 1376 victoriam
720 1340 765 1376 rex
787 1323 887 1393 majore
910 1341 944 1378 ex
966 1335 1040 1394 parte

137 1392 234 1460 virtuti,
254 1407 335 1460 quarn
354 1391 473 1445 fortunae
493 1409 557 1446 suae
577 1392 683 1445 debuit:
708 1393 804 1464 animo,
825 1410 885 1462 non,
905 1401 935 1446 ut
953 1403 1038 1464 antea,

138 1459 194 1514 loco
206 1461 276 1514 vicit.
311 1461 382 1514 Nern
394 1470 420 1513 et
437 1461 524 1514 aciem
542 1461 700 1532 peritissime
719 1461 846 1532 instruxit,
859 1470 886 1514 et
904 1465 1040 1532 promptis·

137 1530 205 1583 sime
229 1530 284 1598 ipse
301 1530 434 1599 pugnavit,
453 1538 479 1583 et
497 1547 592 1598 magno
610 1530 716 1586 consilio
733 1531 862 1599 jacturam
880 1531 1041 1586 sarcinarum

138 1598 439 1668 impedimentorumque
458 1599 623 1669 contempsit,
642 1617 704 1652 cum
723 1599 748 1652 in
768 1599 825 1668 ipsa
843 1599 901 1652 acie
920 1617 1040 1653 summae

138 1667 177 1720 rei
196 1667 296 1720 rideret
319 1683 379 1720 esse
402 1668 545 1722 discrimen
563 1668 642 1722 dubio
662 1685 695 1721 ue
716 1667 804 1720 adhuc
822 1686 924 1738 pugnae
944 1679 1041 1723 eventu

138 1752 183 1805 pro
206 1737 304 1789 victore
327 1752 356 1788 se
378 1737 469 1806 gessit,
489 1737 623 1808 perculsos
644 1686 741 1790 deinde
765 1737 879 1790 hostium
903 1737 978 1808 ludit,
1001 1737 1041 1792 iu·

137 1806 248 1873 gientes,
273 1804 343 1874 quod
366 1805 393 1858 in
416 1805 461 1858 illo
484 1804 576 1858 ardore
599 1806 682 1859 animi
705 1807 749 1859 vix
772 1806 845 1858 credi
867 1815 961 1876 potest,
982 1824 1041 1878 pru·

138 1873 243 1928 dentius
254 1891 334 1944 quern
346 1874 450 1928 avidius
461 1882 616 1945 persecutus
627 1883 675 1928 est.
712 1875 781 1932 Nam
794 1875 817 1929 si
829 1883 901 1944 parte
911 1877 1042 1930 exercitus

138 1943 225 1996 adbuc
245 1944 271 1997 in
292 1944 350 1997 acie
370 1953 464 2014 stante,
485 1944 582 1998 instare
602 1943 759 1997 cedentibus
776 1953 978 2016 perseverasset,
995 1953 1042 1999 aut

139 2012 217 2080 culpa
236 2030 283 2066 sua
303 2013 389 2066 rictus
406 2022 486 2083 esset,
501 2022 547 2067 aut
565 2014 651 2066 aliena
672 2013 768 2066 virtute
787 2012 902 2066 vicisset.
938 2015 999 2068 Jarn
1019 2015 1042 2068 si

139 2081 336 2135 multitudinem
353 2084 472 2151 equitum
491 2083 683 2136 occurrentium
702 2081 873 2151 extimuisset,
887 2081 980 2136 victori
997 2095 1042 2136 aut

139 2148 217 2202 loerle
246 2149 410 2228 fugiendum,
434 2159 479 2202 aut
506 2150 690 2204 miserabiliter
712 2150 862 2202 cadendum
886 2150 954 2204 suit)
999 2153 1042 2206 Ne

139 2218 222 2269 duces
242 2217 350 2286 quidem
371 2219 505 2287 copiarum
524 2235 571 2271 sua
592 2217 670 2271 laude
689 2217 831 2270 fraudandi
849 2231 925 2288 sunt,
944 2219 1041 2290 quippe

140 2286 255 2353 vulnera,
268 2303 336 2354 quae
349 2287 459 2355 quisque
469 2289 583 2356 excepit,
592 2287 686 2339 indicia
699 2287 800 2339 virtutis
807 2297 877 2341 sunt.
908 2289 1041 2360 Hephaes-

140 2354 216 2406 tionis
234 2354 371 2408 brechium
391 2355 467 2408 hasta
489 2355 571 2408 ictum
595 2365 651 2408 est:
675 2355 808 2424 Perdicca,
828 2365 855 2408 et
874 2358 994 2424 coen0s‚²
1015 2367 1042 2412 et

139 2421 270 2492 Menidas,
284 2423 387 2491 sagittis
404 2440 483 2493 prope
501 2424 590 2478 occisi.
627 2425 668 2493 Et,
683 2423 705 2476 si
723 2441 784 2477 vere
796 2427 937 2480 aestimare
949 2428 1041 2481 Mace·

139 2493 228 2560 donas,
242 2492 287 2560 qui
302 2502 364 2545 tunc
381 2502 462 2562 erant,
481 2494 611 2562 volumus,
630 2493 777 2562 fatebimur,
792 2501 818 2545 et
836 2511 926 2564 regern
945 2497 1042 2550 talibus

138 2561 270 2629 ministris,
284 2571 310 2616 et
322 2561 380 2614 illos
391 2571 464 2614 tanto
477 2580 537 2630 rege
551 2563 632 2616 luisse
645 2561 823 2630 dignissimos.

166 2661 173 2683 ¹
185 2655 231 2702 See
243 2656 321 2704 Groui.
331 2656 345 2708 i
356 2659 406 2704 346,
429 2655 476 2704 We
485 2671 537 2716 say.
550 2657 603 2703 ‘He
611 2655 692 2703 would
701 2655 761 2702 have
772 2657 833 2702 been
840 2657 936 2717 obliged
947 2669 972 2706 to
982 2659 1039 2707 full.¹

165 2719 175 2743 ²
185 2715 239 2762 The
250 2714 360 2774 ordinary
370 2714 444 2763 lorrns
460 2729 508 2771 ars,
521 2713 646 2764 Perdiccae
656 2712 703 2762 and
716 2713 815 2762 Comae.
846 2715 957 2766 Perdicca
969 2718 989 2766 is
999 2717 1041 2766 tire

137 2769 260 2822 Latinised
271 2773 331 2822 torm
342 2782 391 2830 (see
403 2773 501 2833 Zumpt,
515 2773 528 2825 i
539 2777 585 2830 46),
598 2773 645 2821 aud
659 2771 745 2821 Coenos
757 2772 798 2820 the
809 2774 910 2834 original
922 2775 1011 2824 Greek.
