2410 3890
176 275 238 342 80v
445 299 484 339 na
508 299 614 340 casrrs
636 298 821 340 susannem.

177 409 271 463 solatia
290 425 343 462 non
362 407 497 480 adhibere,
519 408 566 461 sed
586 424 721 476 quaerere.
765 407 830 461 Cibo
852 414 925 459 certe
947 407 1085 477 abstinuit,

177 495 337 547 omnemque
356 477 481 530 honorem
499 477 592 547 funeri,
608 477 691 547 patrio
709 478 847 530 Persarum
867 493 946 545 more,
960 479 1084 546 serravit,

177 548 274 614 dignus
285 547 400 617 hercule,
413 549 456 616 qui
475 564 544 600 nunc
556 563 660 616 quoque
674 548 785 600 tantum¹
796 556 822 598 et
835 547 1045 598 mansuetudinis
1056 557 1085 599 et

177 618 353 670 continentiae
364 617 432 668 ierat
444 615 568 670 fructum.
604 616 692 668 Semel
708 617 824 668 omnino2
835 631 897 668 earn
909 615 1017 682 viderat,
1031 632 1085 685 quo

177 686 220 738 die
239 693 317 756 capta
335 695 383 756 est,
402 703 451 738 neo
469 696 498 738 ut
517 687 609 756 ipsam,
629 687 676 738 aed
696 695 723 738 nt
744 687 821 737 Darei
842 695 953 738 matrem
972 686 1084 751 videret,

176 755 356 825 eximiamque
368 755 591 825 pulchritudinem
604 753 703 808 formae
716 754 774 823 ejus
786 772 836 807 non
849 754 967 808 libidinis
984 754 1085 808 habue-

176 826 226 878 rat³
237 825 446 894 invitamentum,
461 825 508 876 sed
520 824 626 894 gloriae.

211 899 252 948 te.
273 895 475 964 Espadonibuq
491 895 535 962 qui
555 893 625 945 circa
641 893 756 960 reginam
774 903 856 962 erant,
873 893 1002 962 Tyriotes,
1016 893 1086 946 inter

178 963 391 1034 trepidationem⁴
414 963 560 1031 lugentium
585 963 691 1032 elapsus
714 979 760 1032 per
784 979 843 1015 earn
869 973 979 1032 portam,
1003 977 1083 1033 quae,

176 1033 238 1101 quia
249 1033 284 1084 ab
296 1033 371 1085 hoste
383 1048 476 1084 aversa
488 1041 551 1102 erat,
565 1031 650 1084 levius
662 1032 864 1099 custodiebatur,
879 1033 911 1084 ad
931 1033 1008 1084 Darei
1024 1049 1084 1084 cas

177 1111 216 1155 tra
233 1102 361 1170 pervenit,
374 1110 554 1170 exceptusque
571 1101 729 1170 evigilibus,
749 1102 773 1153 in
789 1102 992 1153 tabernaculum
1014 1102 1085 1169 regis

81 1213 83 1226 ,
176 1172 334 1240 perducitur,
353 1187 464 1238 gemens
484 1180 510 1222 et
531 1180 604 1222 veste
628 1171 750 1222 lacerata.
794 1171 880 1229 Quem
899 1182 926 1222 ut
944 1174 1084 1239 conspexit

177 1241 285 1308 Dareus,
308 1240 446 1308 multiplici
469 1239 565 1291 doloris
588 1240 770 1308 expectatione
794 1250 948 1307 commotus,
970 1251 995 1292 et
1016 1241 1082 1308 quid

176 1309 342 1388 potissimum
355 1309 466 1378 timeret,
480 1309 601 1376 incertus,
616 1309 718 1373 Voltus,
731 1311 822 1378 inquit,
837 1320 898 1362 tuus
910 1311 998 1362 nescio
1010 1310 1081 1378 quod

176 1394 269 1445 angens
292 1379 392 1431 malurn
416 1377 540 1447 praefert,
564 1379 611 1430 sed
635 1395 701 1430 cave
725 1379 814 1430 miseri
838 1379 951 1431 hominis
973 1379 1084 1432 auribus

176 1462 283 1516 parcas:
302 1446 381 1500 didici
404 1463 463 1500 esse
487 1447 597 1516 inlelix,⁵
618 1460 645 1500 er
670 1464 750 1515 saepe
774 1447 933 1502 calamitatis
957 1449 1081 1501 solatium

176 1526 215 1568 est
240 1531 316 1568 nosse
340 1525 436 1570 sortem
460 1533 545 1568 suam.
590 1517 669 1578 Num,
690 1517 758 1586 quod
781 1519 897 1570 maxime
917 1519 1033 1586 suspicor
1053 1528 1082 1570 et

175 1585 246 1654 loqui
266 1586 354 1654 timeo,
376 1585 489 1638 ludibria
510 1585 640 1636 meorum⁸
660 1587 825 1638 nuntiaturus
847 1603 884 1655 ea,
907 1587 972 1638 milri
996 1597 1029 1653 et,
1052 1597 1083 1639 ut

175 1655 260 1722 credo,
286 1655 349 1724 ipsis
377 1671 482 1724 quoque
511 1654 582 1706 omni
612 1655 723 1708 tristiora
752 1655 899 1724 supplicio?
943 1655 985 1709 Ad
1008 1657 1084 1710 *baec

175 1724 303 1793 Tyriotes,
316 1723 388 1778 lstud
407 1723 525 1792 quidem⁷
537 1723 626 1793 procul
644 1724 727 1792 abest,
741 1723 841 1792 inquit:
861 1737 1083 1794 quantuscunque

174 1795 245 1848 enirn
266 1793 363 1862 reginis
383 1793 465 1846 honos
488 1791 522 1845 ab
546 1793 587 1846 his
610 1795 654 1862 qui
678 1795 779 1862 parent⁸
799 1794 889 1846 haberi
913 1804 1005 1863 potest,
1027 1796 1083 1846 tuis

173 1879 189 1914 a
210 1863 308 1915 victore
328 1873 448 1916 serratus
468 1871 515 1932 est,
538 1862 583 1914 sed
605 1871 733 1915 uxortua
752 1864 830 1932 paulo
849 1872 910 1915 ante
930 1865 1045 1918 excessit
1063 1881 1083 1916 e

130 1945 135 1954 ·
173 1933 235 1985 vita.
280 1933 349 1985 Tum
372 1948 434 1984 rero
457 1949 508 1984 non
531 1934 648 2000 gemitus
677 1932 761 1999 modo,
786 1931 832 1984 sed
857 1934 937 1986 etiam
966 1933 1084 2002 ejulatus

172 2004 233 2054 totis
249 2001 343 2055 castris
360 2001 584 2054 exaudiebantur:
609 2017 659 2054 nec
677 2001 807 2054 dubitarit
832 2003 939 2070 Dareus,
959 2003 1021 2072 quin
1043 2003 1082 2056 in·

172 2071 282 2124 terfecta
299 2081 378 2141 esset,
397 2071 460 2139 qnia
479 2071 612 2139 nequisset
632 2070 817 2122 contumeliam
839 2073 949 2192 perpeti.
985 2073 1082 2126 Excla-

172 2149 280 2208 matque
304 2157 397 2192 amens
420 2139 523 2192 dolore:
550 2139 625 2198 Quod
651 2156 700 2206 ego
725 2148 825 2192 tantum
850 2157 926 2193 neas
948 2143 1081 2213 commisi,

172 2207 341 2261 Alexander?
371 2225 452 2278 quem
476 2216 578 2262 tuorum
604 2209 807 2278 propinquorum
831 2211 933 2279 necari,
959 2223 986 2264 nt
1010 2211 1083 2264 hano

171 2277 259 2330 vicem
279 2276 431 2330 restitueres
448 2276 575 2328 saevitiae
594 2278 691 2330 meae?
726 2279 810 2332 Odisti
829 2297 881 2349 me,
900 2297 950 2333 non
969 2280 1082 2350 quidem

190 2353 342 2398 rovocatus:
374 2345 421 2398 sed
447 2346 525 2414 finge,
551 2345 651 2416 justum
679 2347 798 2400 intulisse
824 2358 850 2402 te
879 2349 988 2419 bellurn,
1015 2367 1081 2405 curn

171 2362 278 2468 iaminis
296 2431 357 2482 ergo
375 2429 454 2483 agere
472 2414 621 2468 debueras?
662 2417 784 2486 Tyriotes
801 2417 931 2473 affirmare
950 2437 997 2490 per
1013 2420 1082 2474 deos

170 2485 275 2556 patrios,
295 2483 358 2536 nihil
382 2485 409 2536 in
433 2500 492 2537 earn
516 2486 623 2553 gravius
646 2503 705 2537 esse
724 2487 889 2541 consultum:
914 2490 1080 2558 ingemuisse

114 2595 118 2604 .
170 2554 252 2607 etiam
278 2553 459 2607 Alexandrum
485 2555 571 2624 morti,
595 2565 622 2608 et
651 2573 702 2608 non
727 2557 831 2625 parcius
856 2557 970 2626 flevisse,
996 2575 1079 2628 quarn

133 2679 139 2688 ·
199 2664 206 2685 ¹
220 2657 268 2706 ‘So
278 2668 368 2720 greata
379 2657 618 2726 rewardf-oamely¹
631 2675 658 2707 as
671 2657 734 2708 same
746 2659 789 2706 has
800 2655 925 2708 bestowed
936 2677 968 2709 on
978 2659 1038 2718 him,
1051 2677 1079 2710 or

170 2733 244 2806 esssqe
256 2716 406 2797 nowteonler,
413 2730 444 2764 on
455 2716 513 2786 him.
1003 2733 1009 2747 ³

198 2776 339 2884 '‘ssdclidd
350 2775 557 2884 dlolrisidididdmirdi1
560 2776 694 2904 llieddtcd'as
710 2851 740 2883 an
756 2835 905 2893 incitement‚
919 2847 960 2886 not
976 2846 1001 2885 to
1015 2837 1075 2896 lust,

169 2893 1078 3013 tttttetttttltt‘lttttttttbtttffflffl⁰f‘¹¹⁶‘³⁰⁰⁰¹¹¹⁰¹¹⁶²'⁰‘¹¹¹ff⁸

198 3015 225 3038 ..
329 3012 333 3021 ·
378 3014 384 3034 ,

199 3075 207 3101 ·
219 3011 425 3139 ,fppqqsqqpffled
436 3081 461 3118 to
471 3073 501 3118 be
513 3069 664 3140 unfortunate
672 3071 688 3130 ς’
699 3071 751 3140 that
762 3072 792 3127 is,
803 3070 863 3120 Iam
875 3071 1029 3144 aoouatomed
1039 3083 1075 3130 to,

169 3127 215 3200 and
226 3143 270 3200 ean
282 3131 354 3234 beasrss
359 3129 598 3239 mgqutlnqem'l'hrs
610 3145 630 3177 rs
641 3145 699 3190 very
709 3129 819 3178 different
828 3131 889 3180 from
899 3135 972 3180 ᾱιᾱιοι
982 3149 1016 3180 me
1026 3149 1079 3182 ease

169 3189 290 3334 mpepqqq
300 3245 337 3294 dis
357 3203 416 3352 iffi&
430 3223 461 3295 or·
469 3223 602 3351 ⁸⁸h⁸ff¹l⁹s÷¹¹
610 3255 750 3316 treatment,
763 3247 792 3296 of
803 3264 845 3317 my
855 3249 985 3298 relations.’

169 3369 220 3414 oc.
234 3305 299 3413 Τὲἒὲ
313 3305 1078 3427 ttt.tttffln,tltttlntttttttf„intutu

168 3423 215 3493 and
229 3439 332 3484 oppones
342 3423 383 3470 the
394 3422 446 3472 first
457 3422 538 3472 clause
549 3423 577 3470 ol
588 3422 629 3472 the
645 3433 758 3474 sentence
775 3434 800 3475 to
815 3426 856 3475 the
872 3426 950 3484 other,
963 3427 1076 3477 rrlriclris

168 3483 409 3602 mifiiiiiniiciii'
437 3539 594 3602 aeezumpt,
607 3540 684 3601 tur.
697 3545 719 3620 a,
