2438 3886
170 265 209 320 36
432 279 471 319 ue
497 279 603 318 cusrrs
626 277 820 318 surxiuuxrs

169 387 372 458 implicabantur
381 389 397 454 5¹
416 387 522 456 levique
535 396 561 438 et
573 405 641 438 vano
659 388 711 438 ictu
732 403 818 456 pauca
837 389 860 440 in
880 387 991 456 hostem,
1004 387 1082 456 plura

170 459 194 510 iu
226 453 339 508 humum
369 456 472 507 innoxia
501 455 641 508 cadebant.
679 457 747 524 Ergo
776 459 936 509 comminus⁸
964 473 1080 526 pugnam

170 529 254 578 coacti
268 542 414 592 conserere,
426 525 528 592 gladios
545 526 656 594 impigre
673 529 809 593 stringunt.
847 528 914 579 Turn
935 543 996 579 vero
1014 527 1081 579 rnul-

170 603 226 648 tum
240 595 376 662 sanguinis
388 594 476 646 susum
490 603 539 646 est.
575 596 650 647 Duae
662 596 759 674 quippe
772 596 844 647 acies
856 597 892 647 ita
904 596 1082 649 cohaerebant

170 676 199 716 ut
218 665 298 716 armis
316 681 390 715 arma
408 663 550 733 pulsarent,
569 681 708 716 mucrones
727 681 753 716 m
771 681 816 715 ora
834 663 985 733 dirigerent.
1022 666 1081 717 Non

170 733 270 801 timido,
293 749 342 785 non
365 733 459 802 ignavo
479 749 584 785 cessare
605 743 661 784 tum
682 733 772 784 licuit:
795 733 889 785 collato
908 734 985 804 pede,
1006 734 1082 802 quasi

170 801 265 870 singuli
276 803 343 860 inter
356 819 384 854 se
401 802 567 870 dimicarent,
581 801 607 853 in
627 802 723 853 eodem
742 804 852 870 vestigio
871 803 983 872 stabant,
997 803 1082 855 donec

169 871 300 924 vincendo
312 871 400 923 locum
417 871 468 933 sibi
488 871 612 922 facerent.
650 871 718 922 Tum
738 871 848 923 demum
866 889 928 940 ergo
946 887 1082 940 promove-

169 940 233 993 bant
255 941 375 1010 gradum,
400 957 461 992 cum
488 941 591 993 hostem
616 949 829 1007 prostraverant
852 945 886 993 At
912 942 969 993 illos
1000 957 1084 993 uorus

169 1010 320 1078 excipiebat
350 1009 517 1061 adversarius
548 1007 687 1076 fatigatos,
719 1027 769 1061 nec
800 1010 936 1078 vulnerati,
962 1021 989 1063 ut
1016 1012 1084 1062 alias

169 1079 261 1147 solent,
279 1079 337 1130 acie
356 1085 475 1146 poterant
492 1077 630 1145 excedere,
650 1093 712 1130 curn
730 1079 811 1131 hostis
829 1079 936 1132 instaret
954 1097 971 1132 a
989 1080 1081 1146 srorrte,

168 1158 270 1216 atergo
283 1145 323 1200 eui
336 1155 467 1214 urgerent.
537 1169 541 1175 ’
613 1195 615 1198 .

205 1222 248 1268 27.
267 1215 419 1269 Alexander
431 1233 481 1268 non
495 1215 571 1268 (lucis
589 1216 682 1284 magis,
696 1233 778 1286 quam
795 1218 889 1270 militis
907 1219 1009 1270 munia³
1020 1235 1082 1270 exe·

170 1285 307 1354 quebatur,
332 1285 462 1354 opimum⁴
494 1286 577 1338 decus
607 1303 685 1338 caeso
716 1304 777 1354 rege
805 1297 941 1357 expetens.
970 1287 1082 1358 Quippe

170 1355 272 1407 Dareus
294 1363 372 1406 curru
395 1353 517 1407 sublimis
541 1356 684 1424 eminebat,
705 1366 732 1409 et
754 1357 810 1408 stris
833 1356 865 1408 ad
888 1373 917 1408 se
942 1357 1081 1425 tuendum,

85 1437 86 1444 ¹
170 1431 197 1475 et
221 1423 342 1476 hostibus
364 1422 398 1475 ad
423 1424 610 1476 incessendum
634 1425 727 1492 iugens
751 1426 960 1478 incitamentum.
1011 1427 1082 1494 Ergo

169 1491 249 1545 irater
270 1492 328 1561 ejus
346 1492 483 1560 Oxathres,
504 1511 565 1545 cum
587 1494 768 1548 Alexandrum
789 1497 886 1546 instare
906 1497 936 1547 ei·
952 1506 1080 1564 cerneret,

170 1563 281 1629 equites,
304 1562 402 1630 quibus
422 1571 549 1631 praeerat,
564 1574 632 1614 vante
654 1564 739 1632 ipsum
761 1581 865 1618 currum
887 1565 956 1632 regis
975 1565 1080 1634 objecit,

169 1632 252 1683 armis
264 1642 290 1683 et
303 1631 393 1684 robore
406 1633 520 1700 corporis
537 1631 652 1686 multum
671 1649 750 1700 super
762 1642 864 1685 ceteros
883 1635 1012 1699 eminens,
1025 1635 1079 1685 aui·

169 1701 288 1753 movero
301 1709 327 1752 et
340 1701 438 1770 pietate
451 1703 476 1752 in
489 1702 665 1770 paucissimis.
702 1701 749 1753 lllo
769 1703 858 1773 utique
878 1703 975 1771 proelio
987 1703 1080 1770 clarus,

169 1770 236 1822 alios
255 1768 403 1838 improvide
424 1771 550 1822 instaures
571 1771 716 1839 prostravit,
734 1772 800 1824 alios
821 1772 846 1824 in
868 1773 958 1840 lugam
978 1773 1080 1825 auertit.

170 1841 205 1892 At
233 1839 398 1892 Macedones
425 1839 507 1911 (circa
535 1856 625 1906 regern
651 1843 757 1910 erar·rt),⁵
782 1851 876 1894 mutua
901 1842 1081 1894 adhortatione

169 1909 273 1978 firmati,
287 1926 349 1962 cum
367 1910 424 1978 ipso
442 1910 467 1962 in
487 1909 608 1978 equitum
626 1925 722 1975 agmen
741 1912 895 1980 irrumpunt.
932 1913 1000 1964 Tum
1020 1927 1081 1963 rem

170 1979 264 2032 similis
288 1979 378 2033 ruinae
402 1992 504 2046 strages
527 1987 591 2030 erat.
627 1978 703 2031 Circa
727 1997 833 2032 currum
857 1981 935 2032 Darei
957 1980 1080 2049 jacebant

169 2047 328 2100 nobilissimi
347 2049 438 2118 duces,
455 2059 517 2101 aute
535 2048 624 2099 oeulos
642 2049 710 2116 regis
728 2050 834 2118 egregia
851 2058 934 2102 morte
953 2049 1079 2117 defuncti,

169 2122 269 2170 omnes*
283 2117 309 2169 in
328 2134 372 2168 ora
392 2117 473 2185 proni,
489 2116 556 2168 sicut
576 2117 734 2170 dimicantes
754 2119 952 2187 procubuerant,
969 2120 1080 2171 adverso

169 2203 214 2238 cor
233 2203 277 2238 ore
300 2187 455 2239 vulneribus
476 2187 601 2253 acceptis.
638 2187 711 2238 luter
734 2187 780 2240 hos
804 2189 920 2257 Atizyes,
943 2197 969 2243 et
993 2188 1077 2240 Rheo-

169 2205 288 2324 mithres,
308 2266 334 2324 et
352 2255 461 2308 Sataces
478 2264 581 2324 praetor
598 2257 721 2324 Aegypti,
741 2259 1078 2324 magnommvexercituum

169 2323 306 2394 praefecti,
327 2325 538 2377 noscitabantur:
563 2323 632 2375 circa
655 2337 702 2376 eos
724 2327 859 2378 cumulata
882 2337 938 2379 erat
957 2327 1077 2396 pediturn

169 2395 343 2462 equitumque
364 2393 499 2446 obscurior
517 2391 601 2446 turba.
626 2393 818 2448 'Macedonum
836 2411 941 2464 quoque
959 2412 1010 2448 non
1023 2395 1078 2464 qui·

169 2461 233 2514 dem
251 2462 336 2531 multi,
356 2463 402 2514 sed
421 2463 609 2532 promptissimi
629 2471 718 2515 tamen
737 2465 808 2516 caesi
828 2474 903 2517 eunt:
923 2463 992 2520 inter
1011 2480 1078 2533 quos

169 2531 314 2584 Alexandri
336 2531 458 2584 dextmrn
482 2533 569 2584 lemur
588 2531 681 2584 leviter
699 2535 1007 2603 mucroneperstrictum
1027 2541 1075 2586 est.

168 2601 283 2670 Jamque
302 2600 348 2670 qui
367 2601 484 2654 Dareum
496 2600 628 2654 vehebant
647 2603 717 2670 equi,
731 2601 843 2654 confossi
857 2602 939 2655 hastis
951 2613 977 2655 et
989 2603 1076 2656 dolore

169 2671 281 2734 efferati,
300 2670 391 2740 jugum
405 2680 513 2740 quatere
531 2679 559 2731 et
577 2687 666 2739 regem
685 2689 761 2724 curru
779 2681 904 2724 excutere
922 2681 1075 2740 coeperant:

169 2755 230 2792 cum
256 2740 308 2808 ille,
328 2739 426 2792 veritus
451 2756 484 2792 ne
504 2740 580 2793 vivus
598 2742 698 2792 veniret
724 2741 750 2792 in
777 2739 891 2793 hostiurn
909 2751 1074 2810 potestatem,

168 2809 263 2876 desilit,
283 2818 310 2862 et
329 2809 354 2861 in
374 2827 482 2878 equum,
501 2809 548 2878 qui
571 2809 604 2860 ad
624 2808 675 2861 hoc
693 2809 792 2878 ipsum⁶
808 2810 974 2879 sequebatur,
994 2811 1075 2880 impo-

197 2929 204 2952 ¹
218 2922 287 2971 ‘The
305 2923 370 2972 darts
380 2926 479 2974 became
490 2924 620 2984 entangled
632 2924 690 2971 wirh
705 2924 764 2972 each
779 2924 857 2980 other,
870 2925 942 2984 being
958 2924 1036 2973 aimed
1051 2932 1075 2972 at

167 2981 209 3030 the
220 2998 286 3030 same
297 2985 413 3042 persons.’

196 3040 279 3089 'This
290 3042 356 3090 word
367 3043 388 3090 is
398 3042 496 3090 derived
507 3040 568 3090 from
576 3057 668 3088 munus.
700 3041 722 3088 It
734 3041 754 3090 is
765 3041 871 3102 opposed
882 3050 907 3090 to
918 3044 1016 3099 eminae.
1029 3041 1075 3090 and

167 3113 251 3148 means
263 3099 342 3148 ‘hand
352 3109 376 3148 to
387 3101 469 3157 hund‚’
482 3105 520 3148 ‘at
532 3100 596 3148 close
608 3101 732 3158 quarters.¹

196 3158 354 3226 'Regurding
364 3159 410 3226 ‘the
420 3158 494 3208 forms
509 3159 538 3207 of
548 3161 638 3216 mcum,
651 3174 691 3206 see
703 3160 801 3218 Zumpt,
814 3159 875 3210 l89.
907 3159 935 3207 In
951 3159 992 3208 the
1003 3172 1074 3208 sense

166 3217 195 3266 os
208 3217 320 3274 ‘duties,'
332 3228 350 3264 rt
363 3233 383 3265 rs
394 3218 531 3277 equivalent
542 3227 566 3266 to
577 3235 681 3266 munera.

195 3283 204 3304 ⁴
215 3276 277 3325 This
289 3274 355 3324 word
366 3291 417 3324 was
428 3277 488 3324 used
499 3277 524 3324 in
534 3293 549 3323 a
558 3275 648 3335 special
659 3292 723 3332 case,
736 3277 809 3324 when
824 3277 865 3324 the
881 3276 1036 3325 commender
1045 3275 1074 3324 ol

165 3351 211 3384 one
223 3351 272 3384 erm
300 3335 451 3394 vanquished
463 3336 503 3384 the
515 3335 595 3392 leader
605 3335 633 3382 of
645 3336 745 3383 another
756 3336 781 3384 in
792 3336 869 3398 single
881 3338 985 3384 comhet.

195 3397 255 3444 'An
290 3411 301 3442 s
320 3394 417 3452 ndeton,
431 3403 456 3442 to
467 3392 546 3441 which
558 3409 594 3440 we
605 3404 670 3442 must
682 3394 769 3462 supply
779 3411 841 3443 num.

194 3459 204 3484 ·
215 3453 279 3502 ‘For
289 3410 338 3502 this
349 3467 408 3513 very
419 3451 539 3512 purpose!
572 3451 633 3500 This
650 3453 744 3512 implres
760 3453 812 3502 that
823 3454 841 3502 it
853 3469 903 3502 was
914 3467 998 3520 arery
1008 3454 1073 3504 swilt

166 3511 264 3562 animal
290 3512 314 3561 It
325 3513 346 3562 ie
357 3512 410 3561 said
421 3521 446 3560 to
456 3512 518 3560 have
528 3511 591 3559 been
601 3526 615 3560 a
625 3527 700 3570 mae,
711 3512 795 3560 whose
805 3512 853 3562 soal
864 3527 914 3561 was
926 3512 1020 3573 kept-at
1031 3514 1074 3564 the
