2410 3890
521 289 613 328 arana
634 289 673 328 vr.
996 273 1050 326 tot

143 415 239 468 essem,
253 406 371 451 ceterum
390 397 507 450 misereri
525 414 625 464 eorum,
638 395 734 466 quibus
751 395 896 450 vivendum
914 404 984 448 esset
1002 395 1068 448 sub*

143 484 183 538 eo,
196 469 242 536 qui
255 467 363 520 modum
375 468 491 520 hominis
503 467 652 520 excederet.
688 466 762 518 llaec
779 476 838 518 sunt
856 467 937 518 etiam
949 464 1052 535 pridem

144 537 226 589 animi
249 537 356 590 alienati
379 553 396 588 a
419 538 474 588 me¹
497 551 524 588 et
549 535 689 588 invidentis
711 535 809 604 gloriae
834 553 910 588 meae
935 536 1050 587 iudicia:

144 622 212 674 quae
225 607 359 675 equidem,
372 605 477 674 milites,
491 605 619 674 quamdiu
638 604 718 674 licuit,
732 605 759 656 in
775 603 863 658 animo
882 621 941 656 meo
959 605 1051 673 pressi.

145 675 260 728 Videbar
283 676 355 728 enirn
379 674 445 728 mihi
465 685 568 744 partem
589 675 720 727 viscerum
739 679 858 725 meorum
877 674 1059 744 abrumpere?

145 745 176 812 si,
197 745 222 796 in
243 761 308 812 quos
328 753 382 796 tam
402 761 498 812 magna
517 744 687 812 contuleram,
711 742 814 794 viliores
838 741 903 794 mihi
927 743 1051 798 facerem.

145 812 197 866 Sed
214 813 270 883 jain
289 829 338 865 non
357 814 590 881 verbarpunienda
608 821 682 864 sunt:
707 809 813 880 linguae
838 813 973 864 temeritas
996 830 1052 882 per·

145 883 217 934 venit
229 881 263 934 ad
275 881 386 950 gladios.
422 883 484 951 Hos,
497 882 518 934 si
531 881 595 934 mihi
615 881 728 950 creditis,
749 881 865 934 Philotas
878 881 905 932 in
916 898 961 932 me
973 883 1052 934 acuit.

146 951 175 1004 Id
200 952 222 1004 si
245 953 301 1020 ipse
325 951 439 1011 admisit,
459 969 511 1020 quo
536 969 579 1004 me
604 951 745 1018 conferam,
766 950 884 1004 militesl
908 951 950 1002 cui
975 961 1054 1019 caput

146 1037 236 1073 meum
258 1021 385 1072 credamt
422 1021 566 1089 Equitatui,
582 1021 697 1090 optimae
719 1021 850 1075 exercitus
868 1021 944 1099 parti,
962 1021 1054 1088 princi·

146 1090 224 1159 pibus
252 1089 431 1142 nobilissimae
460 1089 613 1159 juventutis,
645 1107 727 1142 uuum
759 1089 902 1158 praefeotz⁸
929 1089 1053 1158 salutem,

146 1175 230 1226 spem,
249 1157 387 1210 victoriam
404 1176 492 1212 meam
509 1159 571 1210 fidei
591 1159 649 1229 ejus
668 1159 820 1227 tutelaeque
840 1159 972 1211 commisi.
1009 1159 1055 1210 Pa·

147 1236 214 1280 trem
234 1228 259 1278 in
278 1227 349 1280 idem
369 1227 512 1296 fastigium,
532 1229 560 1280 in
583 1246 633 1297 quo
652 1244 696 1280 me
716 1229 762 1297 ipsi
782 1228 912 1298 posuistis,
931 1228 1053 1280 admovi:

146 1295 275 1364 Mediam,
288 1313 341 1364 qua
352 1296 425 1349 nulla
443 1299 590 1366 opulentior
608 1299 679 1366 tegio
698 1306 744 1366 est,
759 1308 785 1349 et
804 1305 840 1350 tot
857 1298 955 1350 civium
975 1299 1055 1348 socio-

147 1381 257 1433 rumque
276 1366 349 1418 milia
367 1367 479 1436 imperio
497 1367 555 1436 ejus
573 1367 722 1436 dicionique
741 1365 850 1436 subjeci.
887 1367 963 1420 Unde
982 1383 1055 1436 pras-

146 1433 244 1486 sidium
262 1437 398 1504 petieram,
419 1437 565 1505 periculum
587 1438 681 1489 extitit.
717 1437 803 1495 Quam
823 1436 934 1489 feliciter
953 1436 978 1488 in
997 1437 1055 1488 acie

146 1503 311 1573 occidissem,
322 1506 412 1574 *potius
427 1507 508 1558 hostis
520 1507 625 1575 praeda,
639 1523 718 1574 quam
730 1506 804 1558 *civis
814 1505 939 1558 victima!
978 1507 1055 1558 Nunc

146 1582 265 1626 servatus
283 1591 316 1626 ex
335 1575 466 1642 periculis,
504 1593 553 1626 uae
573 1576 628 1626 sola
646 1575 728 1644 timui,
748 1575 861 1626 in‘haec
880 1574 966 1642 incidi,
985 1591 1055 1644 quae

146 1641 240 1694 timete
256 1661 307 1696 non
325 1643 426 1696 debui.⁴
461 1593 555 1696 Sriletis
574 1644 718 1696 identidem
736 1661 753 1696 a
770 1661 823 1713 me,
837 1644 943 1712 milites,
957 1655 1054 1712 petere,

146 1719 175 1764 ut
194 1711 272 1764 saluti
291 1729 369 1765 meae
391 1729 507 1782 parcam.
544 1713 598 1782 Ipsi
615 1713 681 1765 mihi
703 1723 836 1781 praestare
853 1714 968 1781 potestis,
985 1713 1055 1782 quod

146 1782 265 1833 suadetis
284 1793 312 1834 ut
331 1782 436 1833 faciam.
473 1782 514 1834 Arl
528 1794 629 1834 vestras
648 1799 748 1849 manus,
762 1781 794 1833 ad
809 1792 894 1834 vestra
910 1799 983 1834 arma
996 1800 1055 1833 eon-

121 1845 126 1858 '
146 1849 231 1917 fugio:
245 1852 334 1903 invitis
346 1851 421 1904 vobis
434 1851 522 1903 salvus
535 1867 594 1902 esse
606 1851 679 1904 nolo:
695 1852 862 1919 volentibus,⁵
875 1869 922 1903 non
937 1869 1053 1920 possum,

146 1917 197 1970 nisi
210 1919 336 1971 vindicor.
531 1973 533 1978 ,

181 1991 222 2038 35.
241 1988 308 2040 Turn
323 1989 463 2056 Philotam,
477 1988 594 2056 religatis
606 1998 664 2058 post
678 1998 779 2056 tergum
791 1988 1055 2055 manibuaobsoleto

146 2057 262 2108 amiculo
275 2055 392 2108 velatum
408 2057 487 2126 jussit
500 2058 597 2110 induci.
634 2057 723 2109 Facile
735 2058 886 2126 apparebat,
900 2067 984 2110 motos
995 2073 1055 2110 esse

147 2133 202 2176 tam
221 2125 363 2178 miserabili
382 2125 472 2178 habitu
492 2143 541 2178 non
562 2127 618 2178 sine
637 2127 736 2179 invidia
748 2125 825 2196 paulo
837 2137 898 2179 aute
911 2143 974 2180 cons
993 2128 1054 2179 eati.

147 2193 250 2247 Ducem
270 2195 403 2262 equitatus
421 2197 504 2264 pridie
522 2197 640 2248 viderant
649 2213 656 2264 3
676 2196 803 2264 sciebant,
818 2197 887 2264 regis
903 2145 1054 2249 interfirisse

147 2263 278 2315 convivio.
313 2264 432 2332 Repente
446 2282 496 2317 non
510 2283 585 2318 reum
597 2267 714 2336 quidem,
726 2265 776 2317 sed
791 2265 873 2321 etiarn
891 2265 1053 2334 (lamnarum,

147 2331 229 2384 immo
248 2332 374 2400 vinctum,
396 2334 585 2388 intuebantur.⁰
620 2335 727 2388 Subibat
748 2337 851 2388 animos
875 2336 1055 2388 Parmenionis

146 2417 260 2470 quoque,
275 2401 339 2454 tanti
353 2403 435 2470 ducis,
449 2413 504 2457 tarn
517 2403 580 2456 clari
593 2405 667 2474 civis,
682 2403 791 2474 fortuita,
805 2405 849 2474 qui
862 2405 940 2458 modo
952 2404 1055 2458 duobus

146 2469 215 2540 filiis,
233 2467 346 2524 Hectore
364 2489 397 2524 ac
414 2474 552 2540 Nicanore,
566 2474 680 2542 orbatus,
694 2491 755 2526 oum
772 2489 811 2542 eo,
829 2492 908 2544 quem
924 2474 1053 2543 reliquum

145 2539 283 2594 calamitas
301 2540 407 2610 fecerat,
421 2543 519 2595 absens
535 2543 634 2595 diceret
647 2545 776 2596 causam.⁷
810 2544 902 2613 ltaque
914 2545 1053 2612 Amyntas,

146 2610 237 2682 regius
248 2619 358 2680 praetor,
373 2610 527 2667 inclinatam
539 2612 573 2664 ad
586 2611 793 2664 misericordiam
806 2613 954 2670 contionem
968 2627 1055 2664 rursus

237 2717 350 2723 m...-
362 2717 364 2721 .
380 2703 1052 2726 .....,...-.-—.....—--n--h.a.—-.-..-.........-‚....

174 2761 182 2786 ¹
195 2756 292 2836 ‘’Thesa
304 2773 343 2805 are
354 2757 433 2816 proofs
444 2757 496 2806 that
507 2758 545 2806 his
552 2756 618 2806 mind
626 2772 677 2804 was
686 2757 805 2806 alienaterl
813 2757 874 2806 from
883 2773 921 2806 me
928 2773 989 2806 oven
999 2759 1055 2820 long

146 2829 222 2920 ag321
234 2873 275 2921 felt
287 2889 313 2922 as
325 2874 346 2922 if
352 2875 364 2922 1
376 2891 440 2923 ware
451 2876 544 2936 tearing
555 2891 649 2981 awaqa
659 2853 712 2933 part
723 2873 751 2922 of
757 2890 799 2935 my
810 2889 866 2923 own
876 2874 960 2924 beart?
999 2875 1052 2926 Vis·

145 2947 197 2980 cerc
208 2947 247 2979 are
254 2932 296 2980 tlte
305 2933 381 2990 beart,
391 2934 458 2989 livet.
469 2935 548 2996 lunga,
557 2934 604 2983 and

146 3005 173 3038 as
184 3001 249 3038 seete
260 2991 288 3038 of
299 2991 396 3053 feeling.

175 3049 222 3118 'fl
233 3050 294 3097 have
306 3051 376 3118 given
387 3051 437 3099 him
449 3052 490 3099 the
507 3051 701 3116 soleyoommand
717 3051 745 3099 of
756 3052 797 3100 the
813 3054 934 3114 cavalry3’
952 3069 982 3102 an
997 3053 1052 3102 inti·

146 3117 236 3156 metron
248 3107 299 3176 tltet
311 3109 358 3156 thrs
369 3111 496 3159 command
507 3127 557 3159 was
568 3111 708 3158 afterwards
719 3110 805 3160 ahared
816 3113 927 3160 between
938 3123 993 3160 two.

174 3172 184 3193 ⁴
196 3166 301 3214 ‘Which
313 3167 324 3214 1
335 3168 421 3216 should
432 3181 473 3217 not
485 3171 546 3218 have
558 3170 604 3218 had
614 3178 640 3216 to
650 3169 716 3216 fear.’
750 3169 796 3217 See
810 3170 890 3218 Gram.
903 3171 916 3222 b
927 3174 978 3219 328.

176 3232 184 3256 ¹
196 3225 237 3272 ‘If
249 3241 296 3286 you
308 3226 369 3273 wish
381 3227 398 3274 it
406 3229 422 3283 ;'
441 3229 545 3288 namely,
557 3229 608 3276 that
620 3229 632 3276 1
644 3228 730 3276 should
740 3229 832 3278 remoin
843 3230 913 3278 alive.

155 3330 159 3342 ,
174 3283 283 3390 ’,Ἑὴεγ
292 3284 410 3346 suddenly
421 3303 471 3333 saw
483 3288 541 3343 him,
556 3298 596 3334 not
608 3288 699 3347 merely
710 3303 737 3335 as
748 3303 779 3336 an
789 3289 891 3336 accused
902 3303 996 3348 person,
1009 3289 1052 3336 but

146 3359 181 3398 as,
234 3360 253 3390 c.

175 3403 299 3450 'Coccum
313 3404 388 3450 dhare
403 3402 424 3451 is
441 3403 532 3464 always
549 3405 599 3453 said
615 3405 643 3452 of
660 3405 762 3454 accusad
782 3421 892 3465 persons,
911 3409 951 3452 ‘to
966 3404 1053 3454 defend

127 3479 129 3484 ,
147 3461 294 3518 one’s-aalf,’
312 3461 368 3509 here
384 3461 409 3508 in
425 3462 465 3508 the
481 3478 552 3511 sense
563 3463 591 3511 of
605 3469 644 3510 ‘to
656 3465 687 3512 be
696 3463 777 3514 forced
792 3473 818 3512 to
833 3463 921 3514 defend
935 3463 1050 3522 himself,'

149 3525 189 3567 ‘to
199 3520 229 3568 be
240 3520 379 3581 grievously
391 3521 502 3568 blamed’

630 2933 723 3008 idneys,
733 2933 813 2982 which
822 2950 885 2982 were
894 2934 982 2984 loolred
990 2950 1054 2996 upon
