2410 3890
172 231 235 293 x140
443 253 481 292 na
506 253 612 292 cassis
633 251 815 292 sannarum.

175 379 206 410 ex
217 365 349 426 propinquo
366 362 493 425 pecuniam
507 361 637 424 Antipatro
648 361 851 422 subministraret,
861 367 953 423 quanta
965 361 1033 411 illum
1045 361 1079 409 iu·

175 429 260 492 digere
281 429 439 492 cognovisset.
479 427 555 475 Probe
574 428 641 474 enim
661 432 821 488 perspexerat,
839 427 925 489 quanti
945 427 977 474 ad
997 427 1079 474 omnia

175 494 291 541 momenti
308 500 387 541 motus
405 493 474 542 istius
491 492 617 540 inclinatio
629 492 708 540 futura
725 499 954 556 essetquamquam
968 492 1079 553 deinceps

175 564 275 620 accepto
293 558 407 606 victoriae
427 559 513 606 nuntio
532 558 582 605 suis
602 556 714 620 operibus
733 557 758 605 id
778 558 909 609 discrimen
930 571 1079 618 comparens,

175 624 281 672 murium
304 639 359 678 eam
381 640 488 688 pugnam
509 623 584 670 fuisse
605 623 730 671 cavillatus
750 627 793 670 est.
825 623 939 671 Ceterum
959 621 1079 686 principia

174 689 228 752 ejus
237 689 293 738 belli
305 689 369 738 haud
381 690 528 751 improspera
536 687 738 736 Lacedaemoniis
748 687 821 736 fuere.
845 687 919 736 Juxta
927 687 1078 750 Corrhagum

175 753 335 802 Macedoniae
353 755 480 804 castellum
497 769 553 801 cum
568 753 690 814 Antipatri
709 752 826 801 militibus
843 752 967 816 congressi
979 751 1079 799 victores

174 818 318 867 extiterant:
336 825 361 868 et
372 819 408 867 rei
420 822 481 867 bene
498 825 583 882 gestae
595 817 663 874 fama
673 818 749 866 etiam
760 819 802 881 qui
820 818 943 880 suspensis
960 817 1080 882 mentibus

175 882 297 932 fortunam
309 890 484 947 spectaverant,
493 884 519 936 in
528 883 669 931 societatem
680 899 763 931 eorum
776 883 888 944 pertracti
901 889 963 930 sunt.
989 881 1044 929 Una
1051 898 1080 930 ex

175 947 242 996 Eleis
253 949 406 1012 Achaeisque
418 950 518 996 urbibus
529 947 626 996 Pellene
637 948 721 996 foedus
731 951 919 1010 aspernabatur;
932 953 957 995 et
968 947 994 994 in
1005 949 1080 994 Arca.

174 1014 216 1063 dia
233 1014 400 1078 Megalopolis,
418 1015 465 1062 fida
483 1013 658 1062 Macedonibus
675 1015 705 1061 ob
722 1013 827 1076 Philippi
847 1013 998 1071 memoriam,
1009 1029 1023 1059 a
1034 1028 1079 1075 quo

175 1079 300 1126 beneficiis
312 1077 400 1127 affecta
412 1080 497 1127 fuerat.
530 1079 576 1126 Sed
588 1077 650 1126 haec
668 1085 719 1126 arte
737 1079 897 1126 circiunsessa
914 1078 980 1126 haud
997 1077 1079 1140 procul

174 1145 296 1192 deditione
309 1147 399 1203 aberat,
410 1145 458 1192 nisi
470 1145 570 1192 tandem
582 1144 710 1205 Antipater
722 1144 878 1192 subvenisset
912 1143 937 1192 Is
955 1149 1078 1206 postquam

174 1215 254 1258 castra
266 1209 351 1258 castris
362 1210 471 1269 contulit,
483 1225 554 1271 seque
566 1225 668 1258 numero
680 1209 785 1257 militum
804 1209 897 1272 alioque
915 1215 1033 1272 apparatu
1042 1224 1080 1256 su-

174 1275 293 1337 periorem
301 1273 434 1336 conspexit,
444 1274 625 1337 quamprimum
637 1276 667 1322 de
678 1290 775 1322 sumina
786 1290 865 1323 rerum
883 1275 974 1336 proelio
986 1280 1080 1322 conten·

175 1341 231 1388 dere
255 1340 354 1388 statuit:
378 1356 454 1403 nequa
477 1339 667 1387 Lacedaemonii
690 1340 853 1388 detrectavere
877 1345 1008 1387 certamen.
1042 1337 1080 1386 Ita

175 1407 306 1454 commissa
323 1411 361 1452 est
381 1420 469 1469 pugna,
486 1420 547 1467 quae
564 1421 616 1452 ram
636 1405 781 1467 Spartanam
801 1406 919 1469 majorem
937 1405 963 1452 in
981 1405 1079 1452 modum

175 1470 269 1521 afflixit.
292 1471 354 1519 Cum
364 1471 430 1518 enim
439 1470 559 1534 angustiis
568 1471 684 1528 locorum,
692 1470 717 1518 in
725 1471 812 1532 quibus
821 1471 979 1534 pugnabatur,
988 1469 1079 1526 confisi,

175 1537 217 1584 ubi
233 1537 298 1584 hosti
314 1537 407 1585 nullum
424 1535 587 1585 multitudinis
605 1551 675 1584 usum
692 1535 799 1584 futurum
817 1536 954 1592 credebant,
972 1533 1079 1582 animose

175 1602 299 1665 congressi
317 1607 405 1660 essent,
421 1617 499 1663 neque
519 1597 668 1649 Macedones
688 1601 793 1664 impigre
810 1600 960 1656 resisterent,
977 1601 1079 1652 multum

175 1667 303 1730 sanguinis
321 1667 399 1716 tirsum
417 1673 460 1713 est.
493 1665 541 1714 sad
558 1672 683 1729 postquam
694 1666 822 1727 Antipater
839 1667 961 1728 integram
979 1663 1080 1712 subinde

175 1747 275 1780 manum
286 1733 452 1782 laborantibus
463 1732 513 1779 suis
525 1731 632 1779 subsidio
643 1731 764 1789 mittebat,
776 1731 882 1793 impulsa
892 1729 1080 1779 Lacedaemoni-

174 1813 244 1845 orum
256 1797 322 1845 acies
333 1799 435 1860 gradum
448 1797 567 1860 paulisper
579 1796 666 1848 retulit
699 1795 770 1852 Quod
782 1796 936 1858 conspicatus
945 1795 1015 1860 Agis,
1023 1811 1080 1842 cum

175 1863 272 1911 cohorte
284 1863 362 1927 regia,
372 1878 433 1924 quae
445 1878 476 1910 ex
486 1861 623 1910 fortissimis
635 1863 770 1921 constabat,
781 1875 807 1909 se
819 1862 845 1909 in
857 1860 976 1925 medium]

177 2009 200 2056 1.
231 2004 248 2038 ³*
284 2004 301 2038 ³*
337 2004 355 2038 i
390 2019 494 2071 pugnae
506 2002 647 2056 discrimen
666 2001 793 2072 immisit,¹
805 2001 1020 2069 obtruncatisque
1033 2001 1080 2066 qui

174 2071 318 2140 promptius
341 2072 505 2144 resistebant,
531 2087 655 2140 maguam
682 2081 784 2141 partem
814 2070 930 2136 bostium
957 2071 1078 2139 propulit.

174 2141 320 2210 Coeperant
343 2140 434 2208 sugere
457 2141 575 2209 victores,
600 2150 626 2193 et
650 2140 734 2194 donec
757 2139 862 2194 avidius
885 2148 1027 2209 sequentes
1041 2139 1078 2197 ,in

173 2208 282 2278 planum
295 2208 437 2279 deduxere,
450 2209 526 2262 inulti
544 2209 689 2263 cadebant:
710 2208 757 2261 sed
776 2217 804 2262 ut
822 2211 937 2278 primum
954 2207 1036 2276 locus,
1052 2208 1077 2260 in

173 2294 226 2346 quo
244 2283 312 2330 stare
330 2287 444 2346 possent,
457 2279 513 2348 fuit,
527 2279 620 2347 aequis
631 2279 731 2332 viribus
748 2279 904 2332 dimicatum
922 2286 971 2330 est.
1008 2278 1080 2330 Inter

173 2363 267 2400 omnes
290 2355 380 2399 tamen
403 2346 627 2400 Lacedaemonios
646 2364 692 2400 rex
712 2348 854 2414 eminebat,
875 2364 926 2401 non
945 2363 1080 2399 armorum

173 2415 252 2468 modo
270 2424 297 2468 et
315 2417 429 2486 corporis
446 2416 542 2486 specie,
557 2416 605 2469 sed
623 2417 705 2470 etiam
722 2416 906 2486 magnitudine
923 2417 1013 2486 animi,
1027 2431 1079 2485 quo

174 2502 225 2538 uno
238 2486 306 2538 vinci
325 2501 375 2538 non
393 2487 483 2555 potuit.
521 2485 642 2556 Undiquo
661 2501 730 2539 nunc
747 2486 905 2556 comminus,
924 2501 994 2538 nunc
1012 2485 1079 2537 erni-

173 2555 232 2608 nus²
249 2553 395 2624 petebatur,
414 2555 513 2625 diuque
533 2572 607 2608 arma
624 2555 821 2624 circumferens,
840 2555 893 2610 alia
912 2556 966 2610 tela
983 2555 1079 2624 clypeo
1143 2604 1148 2615 ,

173 2625 328 2695 excipiebat,
347 2625 465 2694 corpore³
484 2625 537 2678 alia
555 2624 670 2678 vitabat:
692 2625 776 2696 donec
799 2624 876 2678 hasta
896 2624 996 2678 semina
1019 2640 1079 2692 per·

202 2781 275 2827 ¹'l'he
291 2780 421 2841 beginning
433 2780 462 2828 of
474 2781 514 2828 the
525 2781 590 2831 sixth
607 2781 672 2830 boolr
687 2781 708 2829 is
724 2781 780 2829 lost.
812 2780 920 2837 Curtius,
933 2796 960 2828 as
975 2780 1006 2828 he
1022 2779 1078 2828 inti-

173 2839 253 2887 rnated
264 2849 288 2886 at
298 2839 340 2907 rba
351 2851 558 2908 commencement
569 2839 596 2887 of
604 2839 644 2888 the
655 2839 717 2908 fifth,
731 2839 777 2888 bad
789 2841 898 2888 narrated
915 2841 972 2888 bere
988 2839 1021 2887 all
1036 2840 1079 2888 the

172 2911 257 2946 events
268 2897 296 2944 of
302 2910 448 2966 importanoe
458 2899 537 2947 which
547 2899 660 2946 occurred
670 2914 695 2968 in
706 2899 802 2958 Europe
811 2899 872 2947 stom
883 2899 923 2947 the
935 2898 1029 2968 timaus
1036 2899 1079 2947 the

172 2955 727 3084 {tltttlittlldiftttltiittt:
733 2957 865 3086 nibli
873 2960 935 3078 iil}
945 2973 1080 3075 illuit?

172 3089 197 3121 m
207 3085 360 3132 conJunouon
372 3075 431 3122 with
442 3075 534 3123 several
545 3075 572 3122 of
584 3075 625 3123 the
643 3076 833 3135 Peloponnesum
844 3088 929 3132 states,
941 3075 1079 3124 undertoolr

172 3133 265 3192 against
277 3132 317 3180 tha
334 3133 493 3182 Macedonian
508 3143 664 3195 governmeut
676 3136 822 3202 (Antipater,
835 3134 1000 3203 Alerander's
1011 3135 1077 3202 rice-

172 3191 436 3320 llllailirlllill
453 3193 913 3358 {tttittfltgtbtttuttttlt
924 3192 1078 3320 ,tntilli

172 3308 423 3459 wlgijfflelm
434 3308 543 3358 defeated
559 3309 606 3358 and
620 3327 690 3362 sain.
722 3312 776 3360 'l'ba
793 3314 887 3372 subject
902 3311 930 3360 os
941 3313 1038 3360 maisit
1054 3326 1079 3360 ts

200 3426 526 3552 eiiiliiiialssiiata,
542 3461 761 3548 ‘cumanam
772 3489 800 3538 or
811 3487 942 3550 ursana!
963 3481 967 3485 ’
