2264 3880
181 233 239 290 814
441 245 482 286 ns
503 243 613 288 essars
630 245 815 286 aramum.

181 355 258 412 btem
281 353 400 424 sumpsit,
425 352 598 424 laceratisque
621 351 738 406 crinibus
762 351 837 406 humi
853 368 967 424 eorpus
990 353 1033 407 a'
1062 352 1067 362 '

181 423 324 480 Assidebat
343 423 369 476 ei
388 421 471 478 altera
494 439 528 476 ex
549 421 679 492 neptibus,
697 437 781 492 nuper
797 422 935 475 amissum
958 423 1003 476 He

181 494 288 561 tionem,
300 491 343 544 oui
360 499 492 562 nupserat,
510 491 622 560 lugens,¹
639 506 685 562 pro
704 491 807 559 riesque
825 507 927 544 eansas
948 492 1046 544 doloris
1062 492 1081 542 in

180 561 314 614 communi
332 561 465 614 maestitia
483 559 649 613 retractabat.
684 507 736 612 gad
752 559 874 612 omnium
893 576 1011 614 snorum
1026 559 1082 612 mala

180 628 345 700 Sisygambis
363 645 417 684 uns
435 629 576 700 sepiebat.²
610 627 659 681 Illa
676 643 760 696 suam,
780 627 837 680 illa³
858 629 994 698 neptium
1011 631 1082 681 risen

180 697 271 752 flebat.
307 699 410 752 Reeem
418 697 490 750 dolor
499 698 581 750 etiam
592 697 732 767 praeterita
743 706 926 750 remeaverat.
969 699 1082 751 Crederes

180 767 260 820 modo
277 767 408 823 amissum
426 768 550 835 Dareum,
563 774 590 818 et
643 765 704 818 riter
715 765 830 818 miserae
841 765 966 820 duorum
985 767 1081 821 filiorum

181 836 309 906 exequias
333 851 393 889 esse
412 835 556 889 dueendas.
625 834 686 888 ebat
708 833 787 886 simul
802 843 933 887 mortuos
957 837 1081 904 virosque.

181 905 267 964 Quem
287 905 360 958 enim
379 903 538 974 puellarum⁴
556 912 677 957 acturum
693 919 752 955 esse
770 903 883 957 ouremi
905 921 996 974 quern
1015 905 1082 958 aliun

180 973 299 1028 futurum
318 971 521 1028 Alexandrum?
541 972 638 1025 iterum
656 988 715 1024 esse
733 987 762 1024 se
781 980 882 1042 captas,
901 973 1009 1028 iterum
1027 973 1082 1026 erci-

180 1041 252 1096 disse
272 1059 360 1110 regno.
397 1041 448 1100 Qui
467 1049 571 1094 mortno
590 1041 676 1094 Dareo
695 1040 766 1110 ipsas
785 1048 914 1110 tueretur,
937 1044 1082 1114 repperisse,

199 1114 227 1165 ui
251 1120 309 1181 post
331 1111 514 1166 Alexandrum
542 1109 704 1179 respioeret,⁶
728 1108 819 1177 utique
846 1127 901 1162 non
937 1122 1082 1182 reperturus

180 1127 289 1236 gubibat
302 1180 368 1233 inter
380 1178 586 1247 haee'animum,
599 1179 731 1246 octoginta
742 1177 835 1230 iratres
852 1195 919 1231 suos
939 1180 1041 1234 eodem
1051 1180 1083 1230 die

180 1247 215 1302 ab
234 1247 307 1303 Ocho
331 1249 487 1302 saevissimo
508 1264 601 1316 regum
625 1246 775 1316 trucidatos,
796 1246 1000 1319 adjeetumque
1020 1247 1084 1316 stragi

180 1326 218 1370 tot
235 1317 350 1372 filiorum
369 1324 487 1386 patrem,
506 1333 522 1368 e
539 1333 568 1369 se
588 1323 643 1369 tem
663 1315 761 1384 liberis,
779 1331 844 1384 quos
863 1319 1013 1384 genuisset
1032 1319 1083 1388 ipsa,

180 1385 274 1440 unnnr‘
296 1401 450 1464 superesse,
468 1385 557 1454 ipsum
615 1401 690 1438 reum
702 1384 822 1437 floruisse
835 1385 987 1456 paulisper,
1003 1397 1032 1442 ut
1043 1403 1085 1439 cru·

180 1453 267 1507 delius
284 1461 373 1524 posset
390 1453 516 1522 extingui.
552 1453 595 1507 Ad
613 1453 736 1508 ultimum
752 1451 833 1505 dolori
848 1456 1010 1526 auena-buit,
1023 1456 1084 1514 obre

180 1522 287 1593 lutoque
300 1523 387 1593 eapite
405 1521 558 1576 acoidentes
576 1523 689 1602 genibus
707 1523 762 1574 auis
781 1530 889 1591 neptem
909 1535 1085 1594 nepotemque

180 1600 308 1662 aversata,
328 1593 386 1644 oibo
406 1591 503 1662 pariter
519 1590 647 1645 abstmuit
667 1600 695 1644 et
717 1591 786 1644 tuee.
822 1590 932 1658 Quinto,
954 1603 1085 1664 postquam

180 1661 247 1716 mori
271 1669 406 1730 statuerat,
426 1660 470 1714 die
490 1660 608 1714 extineta
630 1667 680 1714 est.
715 1659 844 1728 Magnum
867 1661 999 1730 profecto
1020 1663 1085 1715 Aler-

180 1730 260 1784 andro
281 1729 461 1799 indulgentiae
483 1729 510 1782 in
533 1745 595 1782 eam
617 1729 788 1800 justitiaeque
808 1729 834 1781 in
854 1745 958 1782 ornnes
977 1735 1086 1802 captivos

180 1799 369 1854 doeumentum
390 1807 432 1851 est
453 1811 524 1851 mors
547 1796 640 1867 hujus:
661 1811 812 1868 quassum
835 1798 1021 1854 sustinuisset
1042 1809 1086 1871 pest

181 1869 295 1922 Dareum
307 1867 406 1934 rivere,
419 1866 568 1921 Alexandro
580 1883 641 1920 esse
653 1875 786 1936 superstes
796 1865 913 1920 ambuit.

217 1941 257 1990 18.
277 1937 312 1991 Et
334 1935 451 2006 hercule,
474 1934 544 2006 juste
566 1935 769 1989 aestimantibus
791 1950 883 2004 regem
903 1935 1010 2008 liquet,
1033 1939 1087 1992 bons

177 2014 288 2060 naturae
299 2005 361 2076 ejus
370 2004 461 2074 fuisse,
473 2004 538 2058 vitia
549 2003 593 2057 rel
605 2003 732 2073 fortunae,
745 2002 787 2056 vel
804 2004 909 2062 aetatis
950 2007 1006 2061 Vis
1019 2009 1087 2062 inere·

178 2073 267 2128 dibilis
289 2073 388 2142 animi,
412 2072 508 2126 laboris
530 2073 655 2142 patientia
696 2071 868 2142 ropemodum
890 2073 1003 2144 uimia;
1030 2076 1088 2129 torti·

178 2143 241 2196 tudo
259 2158 310 2196 non
329 2142 398 2196 iuter
413 2157 494 2210 reges·
507 2140 586 2196 modo
603 2091 747 2262 excellens,
760 2141 808 2213 sed
819 2141 966 2196 interillos
979 2161 1089 2216 quoque,

177 2227 291 2281 quorum
310 2210 379 2265 haee
399 2210 455 2264 sola
471 2211 553 2264 virtus
569 2209 634 2279 fuit,
654 2209 738 2266 libera
749 2211 799 2264 itas
819 2226 901 2281 saepe
925 2214 1040 2284 majora
1055 2215 1089 2267 tri

174 2278 304 2349 ›buentis,⁷
320 2295 403 2349 quam
422 2294 439 2332 a
458 2279 511 2332 diis
530 2287 655 2350 petuntur
660 2295 668 2348 3
690 2279 833 2333 elementia
852 2281 880 2334 in
902 2281 1044 2354 devietos,
1062 2291 1091 2336 tot

174 2363 260 2417 >regua
269 2356 315 2400 aut
327 2347 437 2418 reddita,
449 2346 546 2417 quibus
557 2364 590 2401 ea
601 2345 751 2419 dempserat
769 2347 846 2418 bello,
858 2357 908 2402 aut
920 2351 999 2406 dono
1012 2353 1091 2420 data?

207 2506 214 2530 ¹
226 2499 310 2548 When
321 2497 579 2568 Alexanderlrnarried
594 2500 636 2549 the
644 2499 717 2550 elder
727 2501 844 2572 daughter
852 2501 883 2550 os
893 2501 1005 2564 Darius,
1020 2507 1052 2556 be
1061 2521 1089 2554 ar·

177 2574 219 2610 ran
236 2559 267 2608 ed
277 2559 330 2608 that
341 2559 506 2618 Hephaestion
516 2559 602 2608 should
613 2559 670 2608 take
681 2559 802 2620 Drypetrs,
815 2560 857 2608 the
884 2576 998 2624 onager,
1013 2565 1051 2615 t'or
1059 2565 1089 2613 h'n

177 2574 241 2667 wilg.
270 2617 322 2667 taut
334 2617 499 2678 Hephaestion
509 2617 565 2668 died
575 2633 590 2666 a
599 2633 657 2679 year
666 2619 747 2668 before
758 2619 838 2667 Alexa
871 2633 897 2668 er
909 2630 938 2669 at
954 2622 1089 2676 &bouus

177 2677 249 2726 afaet
258 2676 340 2726 ethich
351 2686 416 2726 must
431 2675 493 2724 have
509 2676 571 2725 been
581 2675 673 2726 related
684 2677 708 2725 in
718 2677 770 2726 that
780 2688 833 2738 part
843 2677 872 2727 of
884 2677 938 2729 this
953 2681 1030 2732 book
1045 2697 1090 2743 pre-

177 2736 264 2798 eediug
274 2736 315 2785 tho
328 2735 383 2788 ltth
393 2735 500 2796 chapter,
513 2734 563 2784 and,
570 2735 747 2786 whiehislost.
974 2781 977 2786 .

204 2813 214 2840 ²
228 2807 293 2858 ‘ste
303 2807 346 2858 salt
357 2807 512 2870 personatu!

205 2878 301 2929 ’lllois
311 2879 499 2942 heteemphatio
509 2878 545 2928 fot
556 2898 589 2928 eo.

191 2956 213 3020 ᾖ
224 2950 317 3022 Young·
325 2952 427 3022 married
437 2967 534 3000 women
543 2967 570 3000 or
581 2953 680 3002 widows
691 2968 730 3002 are
741 2955 882 3016 sometimes
892 2955 981 3008 ealled
987 2961 1090 3022 psellus,

176 3009 265 3070 simply
275 3019 300 3058 to
310 3010 413 3060 rudroate
423 3011 475 3060 that
485 3010 543 3071 they
555 3025 594 3060 ate
604 3029 684 3074 young
694 3027 796 3062 women.

206 3079 355 3144 'Respicere
369 3089 409 3132 ‘to
419 3083 476 3132 take
487 3083 563 3133 undet
571 3085 639 3133 one’s
655 3085 788 3144 protection
796 3085 812 3144 ς’
825 3087 971 3146 equivalent
985 3099 1015 3139 to
1026 3093 1090 3141 turi

169 3153 330 3264 *eultffitheig
338 3154 475 3262 vimine,
488 3155 569 3205 whom
580 3155 719 3206 Alexander
728 3155 776 3206 bad
791 3156 861 3207 mede
876 3173 925 3253 one
935 3161 968 3210 of
981 3162 1026 3212 his
1041 3178 1091 3212 own

171 3355 174 3364 μ
204 3275 457 3344 Ἧοιοὶςίιῑοοροοι
468 3279 583 3336 terbum,
594 3279 638 3328 but
653 3277 696 3328 she
710 3279 815 3340 genitive
830 3279 852 3329 is
867 3280 989 3334 likerrise
1006 3299 1088 3346 appro

171 3342 281 3450 'maffia
290 3385 483 3458 putieiplebars
497 3399 607 3450 soataim
620 3398 663 3450 the
678 3399 793 3466 prineipal
803 3403 905 3465 nouom
920 3409 1044 3470 moly,
1055 3408 1091 3458 the
