2438 3886
169 261 207 316 54
436 276 475 316 na
500 275 608 316 cussis
630 275 818 316 xtaxrnnrn.

168 384 236 440 mari
248 383 365 439 subruit:
379 401 429 438 nec
438 383 493 438 ulla
501 393 557 438 tarn
565 385 642 438 firma
650 383 736 438 moles
744 393 793 454 est,
804 401 884 454 quarn
894 401 945 439 nou
954 384 1080 440 exedaut¹

169 453 257 507 undae
277 463 304 508 et
324 472 372 524 per
390 471 474 508 nexus
494 472 601 525 operum
622 465 769 524 manantes,
784 465 817 524 et,
832 455 876 508 ubi
896 457 980 508 acrior
999 456 1080 510 flatus

169 524 265 594 existit,
290 523 388 577 summi
414 541 429 576 o
466 524 500 576 ris
529 524 632 594 fastigio
662 525 838 594 superfusae?
873 525 981 579 Praeter
1009 526 1079 580 hanc

169 593 356 648 difficultatem
376 593 428 646 hau
468 595 553 648 minor
573 595 625 646 alia
645 604 715 647 erat:
740 612 830 647 muros
850 606 986 664 turresque
1006 596 1080 649 urbis

169 663 317 732 praealtum
330 680 403 716 mare
415 664 566 718 ambiebat:
581 681 631 716 non
643 673 773 716 tormenta
786 665 835 717 nisi
844 683 859 718 e
869 665 981 718 navibus
988 665 1080 735 procul

169 750 283 786 excussa
295 733 383 800 mitti,³
395 751 446 787 non
459 734 547 786 scalae
559 733 700 787 moenibus
711 734 837 803 applicari
850 743 985 804 poterant:
1004 751 1079 805 prae-

168 819 234 872 ceps
252 804 279 856 in
297 804 384 856 salum
402 821 494 857 murus
512 802 635 872 pedestre
653 803 829 872 interceperat
848 805 911 858 iter:
931 819 1014 857 naves
1029 821 1079 857 nec

169 871 286 926 habebat
304 891 358 943 rex,
377 883 411 942 et,
431 875 453 925 si
472 873 641 941 admovisset,
655 872 803 942 pendentes
818 883 845 926 et
860 872 998 928 instabiles
1016 874 1078 928 mis-

169 942 262 996 silibus
279 944 362 1008 arceri
380 952 509 1012 poterant.
546 943 616 995 inter
627 959 695 1012 quae
709 959 790 1012 parva
801 943 876 996 dictu
888 960 929 996 res
941 943 1079 1012 Tyriorum

169 1011 297 1066 fiduciam
309 1012 440 1065 accendit.
476 1011 732 1080 Carthaginiensium
748 1011 830 1080 legati
841 1013 875 1066 ad
888 1013 1080 1066 celebrandum

168 1099 274 1135 sacrum
298 1082 505 1134 anniversarium
531 1099 603 1134 more
626 1082 709 1152 patrio
733 1090 795 1134 tunc
815 1091 956 1136 venerant:
981 1083 1079 1153 quippe

156 1151 355 1220 -Carthaginem
369 1151 443 1221 Tyrii
455 1150 637 1220 condiderunt,
651 1169 758 1220 semper
775 1161 914 1221 parentum
932 1152 990 1204 loco
1004 1153 1077 1205 culti.

168 1221 270 1274 Hortari
289 1238 350 1290 ergo
369 1221 449 1274 Poeni
468 1230 620 1290 coeperunt,
638 1229 666 1273 ut
683 1221 846 1275 obsidionem
859 1221 919 1275 sorti
931 1222 1021 1276 auimo
1034 1239 1078 1292 pa·

168 1299 300 1360 terantur,
314 1291 388 1344 brevi
400 1291 557 1358 Carthagine
570 1291 668 1344 auxilia
681 1301 799 1344 ventura.
830 1291 954 1362 Namque
967 1309 1000 1344 ea
1012 1299 1078 1345 tenr-

168 1369 272 1430 pestate
287 1377 382 1428 magna
394 1379 426 1414 ex
457 1369 512 1414 arte
526 1361 633 1413 Punicis
645 1359 774 1415 cladibus
785 1363 869 1414 maria
881 1361 1076 1416 obsidebantur.

204 1434 228 1482 9.
248 1431 329 1498 igitur
349 1430 417 1483 bello
436 1377 550 1500 decreto,
565 1433 621 1500 per⁴
633 1448 721 1484 muros
735 1441 872 1502 turresque
885 1441 1014 1484 tormenta
1025 1430 1078 1484 dis·

168 1511 275 1569 ponunt,
290 1518 364 1552 arma
375 1499 523 1570 junioribus
535 1500 663 1569 dividunt,
677 1501 793 1572 opifices,
803 1518 916 1572 quorum
928 1502 1004 1571 copia
1016 1501 1078 1554 urbs

167 1569 328 1636 abundabat,
352 1571 377 1622 in
402 1569 522 1622 officinas
545 1570 713 1623 distribuunt.
749 1572 844 1624 Omnia
866 1571 929 1624 belli
949 1580 1077 1641 apparatu

168 1648 302 1708 strepunt:
325 1640 425 1691 ferreae
444 1657 547 1708 quoque
567 1657 661 1692 manus
680 1641 861 1712 (Harpagonas
879 1643 993 1713 vocant),
1012 1657 1079 1710 quas

167 1709 293 1777 operibus
310 1709 425 1762 hostium
443 1709 589 1778 injicerent,
603 1711 738 1780 corvique⁶
749 1720 776 1762 et
787 1710 840 1762 alia
852 1709 958 1763 tuendis
970 1710 1079 1764 urbibus

168 1779 316 1846 excogitata
330 1779 560 1848 praeparabantur.
585 1780 636 1832 Sed
649 1797 710 1832 cum
726 1779 875 1832 fornacibus
887 1779 994 1850 ferrum,
1007 1778 1077 1850 quod

168 1849 264 1901 excudi
277 1849 419 1918 oportebat,
434 1849 586 1919 impositum
599 1860 676 1919 esset,
690 1849 857 1919 admotisque
869 1847 975 1902 follibus
988 1851 1076 1918 ignem

167 1917 232 1971 flatu
250 1919 434 1988 accenderent,
454 1920 588 1988 sanguinis
607 1920 653 1971 rivi
673 1920 722 1973 sub
743 1919 806 1988 ipsis
825 1919 940 1972 flammis
958 1921 1077 1973 extitisse

167 1987 303 2042 dicuntur:
322 1989 402 2058 idque
415 2006 492 2042 omen
507 1988 532 2041 in
546 1989 726 2042 Macedonum
736 1999 839 2042 metum
849 1999 983 2042 verterunt
993 1989 1075 2058 Tyrii.

167 2059 245 2128 Apud
258 2059 423 2112 Macedonas
434 2075 539 2128 quoque
552 2075 614 2110 cum
632 2058 699 2110 forte
717 2076 815 2128 panem
833 2058 942 2128 quidam
961 2058 1076 2112 militum

167 2127 327 2197 frangerent,
340 2131 474 2181 manantis
486 2128 621 2196 sanguinis
632 2139 719 2196 guttas
731 2138 896 2182 notavemnt.
922 2129 1076 2198 Territoque

168 2214 238 2267 rege,
260 2199 421 2266 Aristander,
447 2197 622 2266 peritissimus
645 2209 744 2267 vatum,
769 2199 791 2250 si
816 2199 978 2251 extrinsecus
1001 2213 1076 2251 cruor

167 2266 297 2336 fluxisset,
310 2267 503 2320 Macedonibus
516 2266 541 2319 id
555 2267 627 2318 triste
642 2265 767 2336 futurum,
780 2268 832 2320 ait:
853 2277 950 2336 contra,
964 2285 1025 2321 cum
1040 2268 1075 2321 ab

168 2336 290 2390 interiore
308 2347 381 2408 parte
399 2337 554 2404 manaverit,
569 2336 634 2404 urbi,
649 2353 731 2406 quam
749 2337 870 2390 obsidere
889 2337 1074 2406 destinassent,

167 2407 278 2460 exitium
292 2406 455 2476 portendere.
492 2406 642 2460 Alexander
651 2420 712 2460 cum
725 2417 751 2459 et
764 2408 981 2486 classemprocul
994 2407 1075 2460 habe-

168 2485 206 2528 ret
228 2486 254 2528 et
266 2476 372 2544 longam
385 2475 550 2530 obsidionem
563 2493 658 2544 magno
672 2475 722 2529 sibi
735 2477 767 2529 ad
781 2486 870 2529 cetera
883 2477 1074 2546 impedimento

167 2515 270 2598 videret
288 2545 352 2614 fore,
365 2546 561 2613 caduceatores,
581 2547 626 2615 qui
644 2545 677 2598 ad
697 2563 791 2616 pacem
811 2563 857 2602 eos
875 2547 1073 2616 compellerent,

166 2615 252 2668 misit:
272 2632 338 2685 quos
350 2615 423 2685 Tyrii
436 2625 526 2667 contra
538 2614 581 2685 jus
592 2616 711 2684 gentium
724 2618 825 2669 occisos
836 2617 1074 2686 praecipitaverunt

154 2685 192 2738 aa
205 2683 298 2738 altum.
335 2687 422 2754 Atque
441 2684 485 2736 ille
504 2701 611 2737 suorum
631 2695 686 2738 tam
698 2685 805 2754 indigna
817 2695 902 2739 morte
914 2695 1072 2756 commotus,

167 2755 259 2808 urbem
272 2754 392 2808 obsidere
405 2753 514 2807 statuit.⁶

195 2865 202 2888 ¹
216 2859 270 2907 ‘To
280 2861 377 2921 destroy
389 2862 421 2920 by
432 2859 549 2920 degrees.’

167 2975 172 2986 ¹
193 2923 204 2948 ⁹
215 2924 221 2945 ⁴
231 2919 368 2980 Streaming
379 2935 436 2968 over
447 2920 487 2966 the
499 2929 541 2978 top
551 2919 579 2968 os
586 2920 627 2968 the
638 2920 724 2968 warh·
757 2921 879 2973 Summiis
890 2921 1031 2981 pleonastic,
1044 2937 1071 2971 os

165 2986 184 3024 tt
195 2978 216 3026 is
227 2978 352 3026 contained
364 2980 388 3026 iu
397 2981 452 3040 scut
459 2981 474 3039 ’ν
485 2981 534 3026 'aaa

194 3042 203 3066 ³
215 3042 221 3062 ⁴
232 3037 305 3084 Shuts
317 3038 385 3086 could
397 2997 492 3097 colyti}
504 3037 599 3085 thrown
609 3037 670 3086 srorn
681 3038 827 3096 adistence;
840 3038 945 3099 namely,
959 3039 1019 3088 lrom
1030 3039 1071 3090 the

164 3096 249 3155 ships!
285 3096 432 3144 Tomentum
443 3111 499 3156 may
511 3098 539 3144 be
551 3097 645 3156 applied
656 3109 681 3146 to
692 3097 732 3145 the
745 3098 812 3158 thing
823 3098 926 3154 throno,
939 3113 966 3147 as
977 3098 1033 3147 well
1044 3114 1071 3147 os

164 3166 190 3204 to
201 3156 241 3203 the
253 3155 362 3202 machine
375 3155 453 3202 which
464 3155 563 3204 throws.
871 3181 874 3186 ·

193 3220 202 3243 ⁴
214 3213 393 3274 ‘Everywhsre
404 3214 476 3274 along
486 3215 527 3262 the
539 3215 617 3274 walls,
630 3215 676 3263 and
687 3215 767 3264 onthe
778 3217 883 3266 terrers!
910 3217 958 3266 See
970 3215 1067 3278 Zumpt,

164 3274 294 3382 §lollhese
308 3333 416 3381 ‘navens'
429 3347 493 3379 were
504 3332 576 3392 shurp
587 3333 638 3382 iton
649 3333 735 3382 hooks.

177 3399 200 3462 ,⁸
211 3392 266 3440 The
276 3393 386 3462 ordinary
395 3391 532 3462 distinction
543 3393 652 3440 between
661 3409 804 3474 oppugnare,
820 3398 860 3464 ‘to
868 3393 977 3464 assanlt,'
989 3410 1017 3444 or
1027 3396 1067 3444 be.

163 3467 229 3513 ’ψ
241 3453 353 3512 ³⁰²¹l⁹¹l
366 3450 726 3560 ”ldlliiihftlllliillii'
748 3454 1068 3564 matthetha?

162 3511 440 3630 tttltottlua
722 3527 738 3572 ,
835 3547 841 3569 ’
