<?xml version="1.0" encoding="UTF-8"?>
<!DOCTYPE html PUBLIC "-//W3C//DTD XHTML 1.0 Transitional//EN"
    "http://www.w3.org/TR/xhtml1/DTD/xhtml1-transitional.dtd">
<html xmlns="http://www.w3.org/1999/xhtml" xml:lang="en" lang="en">
 <head>
  <title>
</title>
<meta http-equiv="Content-Type" content="text/html;charset=utf-8" />
  <meta name='ocr-system' content='tesseract 3.04.00' />
  <meta name='ocr-capabilities' content='ocr_page ocr_carea ocr_par ocr_line ocrx_word'/>
</head>
<body>
  <div class='ocr_page' id='page_1' title='image "./qcurtiirufidege01zumpgoog_0158.png"; bbox 0 0 2410 3890; ppageno 0'>
   <div class='ocr_carea' id='block_1_1' title="bbox 141 231 843 300">
    <p class='ocr_par' dir='ltr' id='par_1_1' title="bbox 141 231 843 300">
     <span class='ocr_line' id='line_1_1' title="bbox 141 231 843 300; baseline -0.001 -7"><span class='ocrx_word' id='word_1_1' title='bbox 141 231 196 294; x_wconf 82' lang='lat' dir='ltr'><strong>tto</strong></span> <span class='ocrx_word' id='word_1_2' title='bbox 405 251 444 291; x_wconf 85' lang='lat' dir='ltr'><strong>nn</strong></span> <span class='ocrx_word' id='word_1_3' title='bbox 468 251 572 292; x_wconf 77' lang='lat' dir='ltr'><strong>essars</strong></span> <span class='ocrx_word' id='word_1_4' title='bbox 593 251 777 300; x_wconf 73' lang='lat' dir='ltr'><strong>maxumum.</strong></span> <span class='ocrx_word' id='word_1_5' title='bbox 841 234 843 242; x_wconf 87' lang='grc'><strong>’</strong></span> 
     </span>
    </p>
   </div>
   <div class='ocr_carea' id='block_1_2' title="bbox 138 359 1045 638">
    <p class='ocr_par' dir='ltr' id='par_1_2' title="bbox 138 359 1044 502">
     <span class='ocr_line' id='line_1_2' title="bbox 138 359 1044 432; baseline -0.002 -16"><span class='ocrx_word' id='word_1_6' title='bbox 138 361 298 432; x_wconf 86' lang='lat' dir='ltr'><strong>Hyrcaniam</strong></span> <span class='ocrx_word' id='word_1_7' title='bbox 324 360 428 430; x_wconf 90' lang='lat' dir='ltr'><strong>cadere,</strong></span> <span class='ocrx_word' id='word_1_8' title='bbox 447 359 532 430; x_wconf 85' lang='lat' dir='ltr'><strong>cujus&#39;</strong></span> <span class='ocrx_word' id='word_1_9' title='bbox 551 361 695 430; x_wconf 79' lang='lat' dir='ltr'><strong>fastigium,</strong></span> <span class='ocrx_word' id='word_1_10' title='bbox 715 370 743 414; x_wconf 91' lang='lat' dir='ltr'><strong>ut</strong></span> <span class='ocrx_word' id='word_1_11' title='bbox 766 375 845 432; x_wconf 87' lang='lat' dir='ltr'><strong>sopra</strong></span> <span class='ocrx_word' id='word_1_12' title='bbox 869 359 972 414; x_wconf 85' lang='lat' dir='ltr'><strong>dictum</strong></span> <span class='ocrx_word' id='word_1_13' title='bbox 994 369 1044 430; x_wconf 78' lang='lat' dir='ltr'><strong>ast,</strong></span> 
     </span>
     <span class='ocr_line' id='line_1_3' title="bbox 138 429 538 502; baseline 0 -20"><span class='ocrx_word' id='word_1_14' title='bbox 138 438 266 502; x_wconf 88' lang='lat' dir='ltr'><strong>perpetua</strong></span> <span class='ocrx_word' id='word_1_15' title='bbox 275 429 346 483; x_wconf 91' lang='lat' dir='ltr'><strong>valle</strong></span> <span class='ocrx_word' id='word_1_16' title='bbox 359 431 538 483; x_wconf 75' lang='lat' dir='ltr'>summittitur.</span> 
     </span>
    </p>

    <p class='ocr_par' dir='ltr' id='par_1_3' title="bbox 138 499 1045 638">
     <span class='ocr_line' id='line_1_4' title="bbox 177 499 1045 580; baseline 0.001 -27"><span class='ocrx_word' id='word_1_17' title='bbox 177 505 214 553; x_wconf 88' lang='grc'><strong>13.</strong></span> <span class='ocrx_word' id='word_1_18' title='bbox 233 500 300 552; x_wconf 85' lang='lat' dir='ltr'><strong>Hine</strong></span> <span class='ocrx_word' id='word_1_19' title='bbox 327 517 372 552; x_wconf 88' lang='lat' dir='ltr'><strong>rex</strong></span> <span class='ocrx_word' id='word_1_20' title='bbox 396 501 443 552; x_wconf 89' lang='lat' dir='ltr'><strong>XX</strong></span> <span class='ocrx_word' id='word_1_21' title='bbox 468 499 554 552; x_wconf 88' lang='lat' dir='ltr'><strong>stadia</strong></span> <span class='ocrx_word' id='word_1_22' title='bbox 578 501 704 569; x_wconf 86' lang='lat' dir='ltr'><strong>prooessit</strong></span> <span class='ocrx_word' id='word_1_23' title='bbox 729 501 824 554; x_wconf 88' lang='lat' dir='ltr'><strong>semita</strong></span> <span class='ocrx_word' id='word_1_24' title='bbox 853 501 1045 580; x_wconf 83' lang='lat' dir='ltr'><strong>propemodum</strong></span> 
     </span>
     <span class='ocr_line' id='line_1_5' title="bbox 138 569 1045 638; baseline 0 -16"><span class='ocrx_word' id='word_1_25' title='bbox 138 569 217 636; x_wconf 92' lang='lat' dir='ltr'><strong>invia,</strong></span> <span class='ocrx_word' id='word_1_26' title='bbox 231 570 273 622; x_wconf 90' lang='lat' dir='ltr'><strong>cui</strong></span> <span class='ocrx_word' id='word_1_27' title='bbox 286 569 352 622; x_wconf 85' lang='lat' dir='ltr'><strong>silva</strong></span> <span class='ocrx_word' id='word_1_28' title='bbox 364 569 527 636; x_wconf 76' lang='lat' dir='ltr'>imminebat,</span> <span class='ocrx_word' id='word_1_29' title='bbox 542 579 723 638; x_wconf 85' lang='lat' dir='ltr'><strong>torrentesque</strong></span> <span class='ocrx_word' id='word_1_30' title='bbox 734 579 761 621; x_wconf 87' lang='lat' dir='ltr'><strong>et</strong></span> <span class='ocrx_word' id='word_1_31' title='bbox 779 570 881 622; x_wconf 90' lang='lat' dir='ltr'><strong>eluvies</strong></span> <span class='ocrx_word' id='word_1_32' title='bbox 900 580 949 622; x_wconf 81' lang='lat' dir='ltr'><strong>iter</strong></span> <span class='ocrx_word' id='word_1_33' title='bbox 961 587 1045 624; x_wconf 85' lang='lat' dir='ltr'><strong>mora·</strong></span> 
     </span>
    </p>
   </div>
   <div class='ocr_carea' id='block_1_3' title="bbox 55 637 1044 708">
    <p class='ocr_par' dir='ltr' id='par_1_4' title="bbox 55 637 1044 708">
     <span class='ocr_line' id='line_1_6' title="bbox 55 637 1044 708; baseline 0.001 -16"><span class='ocrx_word' id='word_1_34' title='bbox 55 661 57 666; x_wconf 68' lang='grc'>’</span> <span class='ocrx_word' id='word_1_35' title='bbox 139 639 241 692; x_wconf 81' lang='lat' dir='ltr'>bantur.</span> <span class='ocrx_word' id='word_1_36' title='bbox 278 637 356 691; x_wconf 90' lang='lat' dir='ltr'><strong>Nullo</strong></span> <span class='ocrx_word' id='word_1_37' title='bbox 378 648 467 691; x_wconf 91' lang='lat' dir='ltr'><strong>tamen</strong></span> <span class='ocrx_word' id='word_1_38' title='bbox 488 637 563 692; x_wconf 84' lang='lat' dir='ltr'><strong>hoste</strong></span> <span class='ocrx_word' id='word_1_39' title='bbox 583 639 667 707; x_wconf 89' lang='lat' dir='ltr'><strong>obvio,</strong></span> <span class='ocrx_word' id='word_1_40' title='bbox 681 649 807 708; x_wconf 88' lang='lat' dir='ltr'><strong>penetrat,</strong></span> <span class='ocrx_word' id='word_1_41' title='bbox 830 639 991 708; x_wconf 77' lang='lat' dir='ltr'>tandemque</span> <span class='ocrx_word' id='word_1_42' title='bbox 1010 639 1044 692; x_wconf 87' lang='lat' dir='ltr'><strong>ad</strong></span> 
     </span>
    </p>
   </div>
   <div class='ocr_carea' id='block_1_4' title="bbox 66 707 1048 2921">
    <p class='ocr_par' dir='ltr' id='par_1_5' title="bbox 104 707 1046 1676">
     <span class='ocr_line' id='line_1_7' title="bbox 139 707 1045 778; baseline 0.002 -18"><span class='ocrx_word' id='word_1_43' title='bbox 139 707 262 760; x_wconf 76' lang='lat' dir='ltr'><strong>ulteriora</strong></span> <span class='ocrx_word' id='word_1_44' title='bbox 279 717 437 776; x_wconf 90' lang='lat' dir='ltr'><strong>perventum</strong></span> <span class='ocrx_word' id='word_1_45' title='bbox 452 717 500 760; x_wconf 90' lang='lat' dir='ltr'><strong>est.</strong></span> <span class='ocrx_word' id='word_1_46' title='bbox 537 708 645 760; x_wconf 88' lang='lat' dir='ltr'><strong>Praeter</strong></span> <span class='ocrx_word' id='word_1_47' title='bbox 663 709 730 760; x_wconf 90' lang='lat' dir='ltr'><strong>alios</strong></span> <span class='ocrx_word' id='word_1_48' title='bbox 748 717 920 776; x_wconf 88' lang='lat' dir='ltr'><strong>commeatus,</strong></span> <span class='ocrx_word' id='word_1_49' title='bbox 934 725 1045 778; x_wconf 90' lang='lat' dir='ltr'><strong>quorum</strong></span> 
     </span>
     <span class='ocr_line' id='line_1_8' title="bbox 139 777 1045 846; baseline 0.002 -16"><span class='ocrx_word' id='word_1_50' title='bbox 139 786 196 830; x_wconf 88' lang='lat' dir='ltr'><strong>tum</strong></span> <span class='ocrx_word' id='word_1_51' title='bbox 209 777 284 846; x_wconf 87' lang='lat' dir='ltr'><strong>eopia</strong></span> <span class='ocrx_word' id='word_1_52' title='bbox 299 778 370 843; x_wconf 86' lang='lat' dir='ltr'><strong>regio</strong></span> <span class='ocrx_word' id='word_1_53' title='bbox 386 777 548 844; x_wconf 73' lang='lat' dir='ltr'><strong>abundabat,</strong></span> <span class='ocrx_word' id='word_1_54' title='bbox 562 793 698 844; x_wconf 91' lang='lat' dir='ltr'><strong>pomorum</strong></span> <span class='ocrx_word' id='word_1_55' title='bbox 716 795 821 846; x_wconf 92' lang='lat' dir='ltr'><strong>quoque</strong></span> <span class='ocrx_word' id='word_1_56' title='bbox 839 779 932 845; x_wconf 82' lang='lat' dir='ltr'><strong>ingens</strong></span> <span class='ocrx_word' id='word_1_57' title='bbox 950 779 1045 832; x_wconf 90' lang='lat' dir='ltr'><strong>modus</strong></span> 
     </span>
     <span class='ocr_line' id='line_1_9' title="bbox 138 843 1046 916; baseline 0.003 -17"><span class='ocrx_word' id='word_1_58' title='bbox 138 847 261 916; x_wconf 88' lang='lat' dir='ltr'><strong>nascitur,</strong></span> <span class='ocrx_word' id='word_1_59' title='bbox 276 856 302 898; x_wconf 90' lang='lat' dir='ltr'><strong>et</strong></span> <span class='ocrx_word' id='word_1_60' title='bbox 315 846 476 901; x_wconf 91' lang='lat' dir='ltr'><strong>uberrimum</strong></span> <span class='ocrx_word' id='word_1_61' title='bbox 489 843 631 914; x_wconf 85' lang='lat' dir='ltr'><strong>gignendis</strong></span> <span class='ocrx_word' id='word_1_62' title='bbox 643 847 702 898; x_wconf 91' lang='lat' dir='ltr'><strong>uvis</strong></span> <span class='ocrx_word' id='word_1_63' title='bbox 720 847 805 900; x_wconf 88' lang='lat' dir='ltr'><strong>solum</strong></span> <span class='ocrx_word' id='word_1_64' title='bbox 824 855 872 902; x_wconf 88' lang='lat' dir='ltr'><strong>est.</strong></span> <span class='ocrx_word' id='word_1_65' title='bbox 909 847 1046 916; x_wconf 74' lang='lat' dir='ltr'><strong>Frequens</strong></span> 
     </span>
     <span class='ocr_line' id='line_1_10' title="bbox 138 914 1045 985; baseline 0.004 -19"><span class='ocrx_word' id='word_1_66' title='bbox 138 915 214 970; x_wconf 89' lang='lat' dir='ltr'><strong>arbor</strong></span> <span class='ocrx_word' id='word_1_67' title='bbox 225 915 324 970; x_wconf 89' lang='lat' dir='ltr'><strong>faciem</strong></span> <span class='ocrx_word' id='word_1_68' title='bbox 336 933 450 985; x_wconf 85' lang='lat' dir='ltr'><strong>quercus</strong></span> <span class='ocrx_word' id='word_1_69' title='bbox 468 915 556 984; x_wconf 90' lang='lat' dir='ltr'><strong>habet,</strong></span> <span class='ocrx_word' id='word_1_70' title='bbox 570 914 646 983; x_wconf 85' lang='lat' dir='ltr'><strong>cujus</strong></span> <span class='ocrx_word' id='word_1_71' title='bbox 663 916 726 970; x_wconf 84' lang='lat' dir='ltr'><strong>solia</strong></span> <span class='ocrx_word' id='word_1_72' title='bbox 743 916 827 968; x_wconf 88' lang='lat' dir='ltr'><strong>multo</strong></span> <span class='ocrx_word' id='word_1_73' title='bbox 845 916 925 969; x_wconf 90' lang='lat' dir='ltr'><strong>melle</strong></span> <span class='ocrx_word' id='word_1_74' title='bbox 944 918 1045 984; x_wconf 86' lang='lat' dir='ltr'><strong>tingun-</strong></span> 
     </span>
     <span class='ocr_line' id='line_1_11' title="bbox 140 985 1045 1054; baseline 0.002 -17"><span class='ocrx_word' id='word_1_75' title='bbox 140 995 187 1054; x_wconf 89' lang='lat' dir='ltr'><strong>tur,</strong></span> <span class='ocrx_word' id='word_1_76' title='bbox 208 985 255 1038; x_wconf 88' lang='lat' dir='ltr'><strong>sed</strong></span> <span class='ocrx_word' id='word_1_77' title='bbox 272 987 324 1038; x_wconf 82' lang='lat' dir='ltr'><strong>uisi</strong></span> <span class='ocrx_word' id='word_1_78' title='bbox 343 985 404 1037; x_wconf 89' lang='lat' dir='ltr'><strong>solis</strong></span> <span class='ocrx_word' id='word_1_79' title='bbox 421 995 507 1037; x_wconf 88' lang='lat' dir='ltr'><strong>ortum</strong></span> <span class='ocrx_word' id='word_1_80' title='bbox 533 985 634 1037; x_wconf 81' lang='lat' dir='ltr'><strong>incolae</strong></span> <span class='ocrx_word' id='word_1_81' title='bbox 660 986 854 1054; x_wconf 77' lang='lat' dir='ltr'><strong>occupaverint,</strong></span> <span class='ocrx_word' id='word_1_82' title='bbox 875 986 917 1038; x_wconf 92' lang='lat' dir='ltr'><strong>vel</strong></span> <span class='ocrx_word' id='word_1_83' title='bbox 941 986 1045 1039; x_wconf 88' lang='lat' dir='ltr'><strong>modico</strong></span> 
     </span>
     <span class='ocr_line' id='line_1_12' title="bbox 140 1047 1044 1124; baseline 0.002 -18"><span class='ocrx_word' id='word_1_84' title='bbox 140 1063 229 1123; x_wconf 91' lang='lat' dir='ltr'><strong>tepore</strong></span> <span class='ocrx_word' id='word_1_85' title='bbox 258 1072 338 1108; x_wconf 87' lang='lat' dir='ltr'><strong>sucus</strong></span> <span class='ocrx_word' id='word_1_86' title='bbox 367 1054 546 1121; x_wconf 67' lang='lat' dir='ltr'><strong>extinguitur.²</strong></span> <span class='ocrx_word' id='word_1_87' title='bbox 581 1055 651 1107; x_wconf 88' lang='lat' dir='ltr'><strong>XXX</strong></span> <span class='ocrx_word' id='word_1_88' title='bbox 678 1055 738 1110; x_wconf 87' lang='lat' dir='ltr'><strong>hinc</strong></span> <span class='ocrx_word' id='word_1_89' title='bbox 765 1054 849 1107; x_wconf 89' lang='lat' dir='ltr'><strong>stadia</strong></span> <span class='ocrx_word' id='word_1_90' title='bbox 874 1047 1044 1124; x_wconf 81' lang='lat' dir='ltr'><strong>piooesserat,</strong></span> 
     </span>
     <span class='ocr_line' id='line_1_13' title="bbox 139 1123 1045 1193; baseline 0.002 -17"><span class='ocrx_word' id='word_1_91' title='bbox 139 1141 200 1176; x_wconf 92' lang='lat' dir='ltr'><strong>cnm</strong></span> <span class='ocrx_word' id='word_1_92' title='bbox 215 1123 425 1192; x_wconf 82' lang='lat' dir='ltr'><strong>Phrataphernes</strong></span> <span class='ocrx_word' id='word_1_93' title='bbox 443 1123 466 1174; x_wconf 93' lang='lat' dir='ltr'><strong>ei</strong></span> <span class='ocrx_word' id='word_1_94' title='bbox 485 1125 603 1192; x_wconf 83' lang='lat' dir='ltr'><strong>occurrit,</strong></span> <span class='ocrx_word' id='word_1_95' title='bbox 618 1142 645 1176; x_wconf 86' lang='lat' dir='ltr'><strong>se</strong></span> <span class='ocrx_word' id='word_1_96' title='bbox 665 1140 699 1175; x_wconf 92' lang='lat' dir='ltr'><strong>ue</strong></span> <span class='ocrx_word' id='word_1_97' title='bbox 717 1135 744 1176; x_wconf 91' lang='lat' dir='ltr'><strong>et</strong></span> <span class='ocrx_word' id='word_1_98' title='bbox 761 1141 814 1192; x_wconf 90' lang='lat' dir='ltr'><strong>eos,</strong></span> <span class='ocrx_word' id='word_1_99' title='bbox 829 1125 872 1193; x_wconf 93' lang='lat' dir='ltr'><strong>qui</strong></span> <span class='ocrx_word' id='word_1_100' title='bbox 892 1134 949 1193; x_wconf 87' lang='lat' dir='ltr'><strong>post</strong></span> <span class='ocrx_word' id='word_1_101' title='bbox 968 1125 1045 1178; x_wconf 89' lang='lat' dir='ltr'><strong>Darei</strong></span> 
     </span>
     <span class='ocr_line' id='line_1_14' title="bbox 140 1192 1045 1263; baseline 0.001 -17"><span class='ocrx_word' id='word_1_102' title='bbox 140 1202 251 1246; x_wconf 87' lang='lat' dir='ltr'><strong>mortem</strong></span> <span class='ocrx_word' id='word_1_103' title='bbox 270 1193 446 1261; x_wconf 87' lang='lat' dir='ltr'><strong>profugerant,</strong></span> <span class='ocrx_word' id='word_1_104' title='bbox 466 1193 583 1246; x_wconf 85' lang='lat' dir='ltr'><strong>dedens:</strong></span> <span class='ocrx_word' id='word_1_105' title='bbox 608 1195 652 1260; x_wconf 89' lang='lat' dir='ltr'><strong>qui</strong></span> <span class='ocrx_word' id='word_1_106' title='bbox 675 1210 706 1244; x_wconf 88' lang='lat' dir='ltr'><strong>us</strong></span> <span class='ocrx_word' id='word_1_107' title='bbox 728 1192 843 1260; x_wconf 90' lang='lat' dir='ltr'><strong>benigne</strong></span> <span class='ocrx_word' id='word_1_108' title='bbox 866 1195 993 1263; x_wconf 88' lang='lat' dir='ltr'><strong>exceptis,</strong></span> <span class='ocrx_word' id='word_1_109' title='bbox 1011 1193 1045 1248; x_wconf 80' lang='lat' dir='ltr'><strong>ad</strong></span> 
     </span>
     <span class='ocr_line' id='line_1_15' title="bbox 139 1262 1046 1331; baseline 0.004 -19"><span class='ocrx_word' id='word_1_110' title='bbox 139 1262 264 1330; x_wconf 87' lang='lat' dir='ltr'><strong>oppidum</strong></span> <span class='ocrx_word' id='word_1_111' title='bbox 279 1266 362 1314; x_wconf 86' lang='lat' dir='ltr'><strong>Arvas</strong></span> <span class='ocrx_word' id='word_1_112' title='bbox 375 1265 501 1331; x_wconf 86' lang='lat' dir='ltr'><strong>pervenit.</strong></span> <span class='ocrx_word' id='word_1_113' title='bbox 539 1263 588 1315; x_wconf 90' lang='lat' dir='ltr'><strong>Hic</strong></span> <span class='ocrx_word' id='word_1_114' title='bbox 601 1263 625 1314; x_wconf 90' lang='lat' dir='ltr'><strong>ei</strong></span> <span class='ocrx_word' id='word_1_115' title='bbox 638 1263 760 1314; x_wconf 86' lang='lat' dir='ltr'><strong>Craterus</strong></span> <span class='ocrx_word' id='word_1_116' title='bbox 771 1273 798 1314; x_wconf 90' lang='lat' dir='ltr'><strong>et</strong></span> <span class='ocrx_word' id='word_1_117' title='bbox 815 1263 939 1331; x_wconf 84' lang='lat' dir='ltr'><strong>Erigyius</strong></span> <span class='ocrx_word' id='word_1_118' title='bbox 957 1281 1046 1316; x_wconf 86' lang='lat' dir='ltr'><strong>cocur-</strong></span> 
     </span>
     <span class='ocr_line' id='line_1_16' title="bbox 139 1331 1046 1400; baseline 0.004 -18"><span class='ocrx_word' id='word_1_119' title='bbox 139 1340 207 1383; x_wconf 90' lang='lat' dir='ltr'><strong>runt.</strong></span> <span class='ocrx_word' id='word_1_120' title='bbox 251 1331 418 1384; x_wconf 80' lang='lat' dir='ltr'><strong>Praefectum</strong></span> <span class='ocrx_word' id='word_1_121' title='bbox 445 1331 619 1400; x_wconf 70' lang='lat' dir='ltr'><strong>Tapyrorum³</strong></span> <span class='ocrx_word' id='word_1_122' title='bbox 643 1331 729 1398; x_wconf 88' lang='lat' dir='ltr'><strong>gentis</strong></span> <span class='ocrx_word' id='word_1_123' title='bbox 759 1331 920 1385; x_wconf 88' lang='lat' dir='ltr'><strong>Phradatem</strong></span> <span class='ocrx_word' id='word_1_124' title='bbox 946 1333 1046 1386; x_wconf 84' lang='lat' dir='ltr'><strong>addux-</strong></span> 
     </span>
     <span class='ocr_line' id='line_1_17' title="bbox 104 1401 1046 1470; baseline 0.003 -19"><span class='ocrx_word' id='word_1_125' title='bbox 104 1433 107 1440; x_wconf 62' lang='lat'><em>=</em></span> <span class='ocrx_word' id='word_1_126' title='bbox 140 1409 222 1451; x_wconf 87' lang='lat' dir='ltr'><strong>erant.</strong></span> <span class='ocrx_word' id='word_1_127' title='bbox 259 1401 308 1451; x_wconf 89' lang='lat' dir='ltr'><strong>llic</strong></span> <span class='ocrx_word' id='word_1_128' title='bbox 327 1417 432 1468; x_wconf 91' lang='lat' dir='ltr'><strong>quoque</strong></span> <span class='ocrx_word' id='word_1_129' title='bbox 451 1401 475 1451; x_wconf 93' lang='lat' dir='ltr'><strong>in</strong></span> <span class='ocrx_word' id='word_1_130' title='bbox 495 1401 577 1452; x_wconf 89' lang='lat' dir='ltr'><strong>fidem</strong></span> <span class='ocrx_word' id='word_1_131' title='bbox 602 1401 1046 1470; x_wconf 73' lang='lat' dir='ltr'><strong>receptusmultisexemplofuit</strong></span> 
     </span>
     <span class='ocr_line' id='line_1_18' title="bbox 139 1469 1046 1539; baseline 0.006 -20"><span class='ocrx_word' id='word_1_132' title='bbox 139 1469 291 1536; x_wconf 88' lang='lat' dir='ltr'><strong>experiendi</strong></span> <span class='ocrx_word' id='word_1_133' title='bbox 309 1469 480 1521; x_wconf 83' lang='lat' dir='ltr'><strong>clementiam</strong></span> <span class='ocrx_word' id='word_1_134' title='bbox 508 1470 585 1536; x_wconf 86' lang='lat' dir='ltr'><strong>regis.</strong></span> <span class='ocrx_word' id='word_1_135' title='bbox 622 1469 747 1538; x_wconf 82' lang='lat' dir='ltr'><strong>Satrapen</strong></span> <span class='ocrx_word' id='word_1_136' title='bbox 775 1469 872 1522; x_wconf 91' lang='lat' dir='ltr'><strong>deinde</strong></span> <span class='ocrx_word' id='word_1_137' title='bbox 897 1471 1046 1539; x_wconf 82' lang='lat' dir='ltr'><strong>Hyrcaniae</strong></span> 
     </span>
     <span class='ocr_line' id='line_1_19' title="bbox 140 1537 1046 1610; baseline 0.004 -21"><span class='ocrx_word' id='word_1_138' title='bbox 140 1537 214 1589; x_wconf 88' lang='lat' dir='ltr'><strong>dedit</strong></span> <span class='ocrx_word' id='word_1_139' title='bbox 227 1538 370 1607; x_wconf 86' lang='lat' dir='ltr'><strong>Manapin:</strong></span> <span class='ocrx_word' id='word_1_140' title='bbox 391 1539 450 1590; x_wconf 87' lang='lat' dir='ltr'><strong>exul</strong></span> <span class='ocrx_word' id='word_1_141' title='bbox 466 1539 508 1590; x_wconf 92' lang='lat' dir='ltr'><strong>hic</strong></span> <span class='ocrx_word' id='word_1_142' title='bbox 527 1548 652 1606; x_wconf 83' lang='lat' dir='ltr'><strong>regnante</strong></span> <span class='ocrx_word' id='word_1_143' title='bbox 673 1539 744 1592; x_wconf 81' lang='lat' dir='ltr'><strong>Ocho</strong></span> <span class='ocrx_word' id='word_1_144' title='bbox 764 1538 797 1592; x_wconf 88' lang='lat' dir='ltr'><strong>ad</strong></span> <span class='ocrx_word' id='word_1_145' title='bbox 820 1539 969 1608; x_wconf 85' lang='lat' dir='ltr'><strong>Philippum</strong></span> <span class='ocrx_word' id='word_1_146' title='bbox 989 1557 1046 1610; x_wconf 91' lang='lat' dir='ltr'><strong>per·</strong></span> 
     </span>
     <span class='ocr_line' id='line_1_20' title="bbox 140 1607 996 1676; baseline 0.005 -18"><span class='ocrx_word' id='word_1_147' title='bbox 140 1615 263 1658; x_wconf 85' lang='lat' dir='ltr'><strong>venerat:</strong></span> <span class='ocrx_word' id='word_1_148' title='bbox 284 1607 446 1676; x_wconf 86' lang='lat' dir='ltr'><strong>Tapyrorum</strong></span> <span class='ocrx_word' id='word_1_149' title='bbox 461 1624 570 1676; x_wconf 90' lang='lat' dir='ltr'><strong>quoque·</strong></span> <span class='ocrx_word' id='word_1_150' title='bbox 577 1617 685 1674; x_wconf 88' lang='lat' dir='ltr'><strong>gentem</strong></span> <span class='ocrx_word' id='word_1_151' title='bbox 699 1607 823 1660; x_wconf 88' lang='lat' dir='ltr'><strong>Phradati</strong></span> <span class='ocrx_word' id='word_1_152' title='bbox 837 1608 959 1662; x_wconf 87' lang='lat' dir='ltr'><strong>reddidit.</strong></span> <span class='ocrx_word' id='word_1_153' title='bbox 995 1619 996 1622; x_wconf 78' lang='grc'>’</span> 
     </span>
    </p>

    <p class='ocr_par' dir='ltr' id='par_1_6' title="bbox 66 1675 1048 2764">
     <span class='ocr_line' id='line_1_21' title="bbox 179 1675 1045 1748; baseline 0.006 -20"><span class='ocrx_word' id='word_1_154' title='bbox 179 1683 216 1728; x_wconf 76' lang='lat' dir='ltr'><strong>lt.</strong></span> <span class='ocrx_word' id='word_1_155' title='bbox 234 1677 347 1746; x_wconf 89' lang='lat' dir='ltr'><strong>Jamque</strong></span> <span class='ocrx_word' id='word_1_156' title='bbox 367 1677 461 1728; x_wconf 86' lang='lat' dir='ltr'><strong>ultima</strong></span> <span class='ocrx_word' id='word_1_157' title='bbox 482 1675 630 1729; x_wconf 88' lang='lat' dir='ltr'><strong>H·rcaniae</strong></span> <span class='ocrx_word' id='word_1_158' title='bbox 649 1677 798 1745; x_wconf 87' lang='lat' dir='ltr'><strong>intraverat,</strong></span> <span class='ocrx_word' id='word_1_159' title='bbox 812 1694 873 1729; x_wconf 88' lang='lat' dir='ltr'><strong>curn</strong></span> <span class='ocrx_word' id='word_1_160' title='bbox 888 1679 1045 1748; x_wconf 81' lang='lat' dir='ltr'><strong>Artabazus,</strong></span> 
     </span>
     <span class='ocr_line' id='line_1_22' title="bbox 139 1695 1048 1818; baseline 0.006 -22"><span class='ocrx_word' id='word_1_161' title='bbox 139 1761 219 1814; x_wconf 93' lang='lat' dir='ltr'><strong>quem</strong></span> <span class='ocrx_word' id='word_1_162' title='bbox 235 1746 318 1797; x_wconf 79' lang='lat' dir='ltr'><strong>Dareo</strong></span> <span class='ocrx_word' id='word_1_163' title='bbox 330 1745 488 1798; x_wconf 88' lang='lat' dir='ltr'><strong>fidissimum</strong></span> <span class='ocrx_word' id='word_1_164' title='bbox 503 1695 585 1798; x_wconf 75' lang='lat' dir='ltr'><strong>inisse</strong></span> <span class='ocrx_word' id='word_1_165' title='bbox 598 1763 675 1814; x_wconf 89' lang='lat' dir='ltr'><strong>supra</strong></span> <span class='ocrx_word' id='word_1_166' title='bbox 687 1746 811 1814; x_wconf 85' lang='lat' dir='ltr'><strong>diximus,</strong></span> <span class='ocrx_word' id='word_1_167' title='bbox 822 1764 881 1798; x_wconf 88' lang='lat' dir='ltr'><strong>oum</strong></span> <span class='ocrx_word' id='word_1_168' title='bbox 895 1749 1048 1818; x_wconf 71' lang='lat' dir='ltr'><strong>propinquis</strong></span> 
     </span>
     <span class='ocr_line' id='line_1_23' title="bbox 141 1815 1046 1883; baseline 0.006 -18"><span class='ocrx_word' id='word_1_169' title='bbox 141 1815 218 1866; x_wconf 86' lang='lat' dir='ltr'><strong>Darei</strong></span> <span class='ocrx_word' id='word_1_170' title='bbox 237 1831 269 1866; x_wconf 90' lang='lat' dir='ltr'><strong>ao</strong></span> <span class='ocrx_word' id='word_1_171' title='bbox 290 1815 345 1866; x_wconf 86' lang='lat' dir='ltr'><strong>suis</strong></span> <span class='ocrx_word' id='word_1_172' title='bbox 365 1815 454 1868; x_wconf 89' lang='lat' dir='ltr'><strong>liberis</strong></span> <span class='ocrx_word' id='word_1_173' title='bbox 475 1815 630 1883; x_wconf 86' lang='lat' dir='ltr'><strong>modicaque</strong></span> <span class='ocrx_word' id='word_1_174' title='bbox 647 1816 811 1868; x_wconf 49' lang='lat' dir='ltr'><strong>xGraecorum</strong></span> <span class='ocrx_word' id='word_1_175' title='bbox 832 1815 945 1868; x_wconf 88' lang='lat' dir='ltr'><strong>militum</strong></span> <span class='ocrx_word' id='word_1_176' title='bbox 966 1833 1046 1870; x_wconf 88' lang='lat' dir='ltr'><strong>mauu</strong></span> 
     </span>
     <span class='ocr_line' id='line_1_24' title="bbox 140 1884 1047 1955; baseline 0.003 -20"><span class='ocrx_word' id='word_1_177' title='bbox 140 1884 260 1935; x_wconf 87' lang='lat' dir='ltr'><strong>occurrit.</strong></span> <span class='ocrx_word' id='word_1_178' title='bbox 297 1884 423 1937; x_wconf 87' lang='lat' dir='ltr'><strong>Dextram</strong></span> <span class='ocrx_word' id='word_1_179' title='bbox 443 1884 558 1937; x_wconf 86' lang='lat' dir='ltr'><strong>venienti</strong></span> <span class='ocrx_word' id='word_1_180' title='bbox 580 1884 673 1936; x_wconf 89' lang='lat' dir='ltr'><strong>obtulit</strong></span> <span class='ocrx_word' id='word_1_181' title='bbox 694 1901 754 1936; x_wconf 89' lang='lat' dir='ltr'><strong>rex:</strong></span> <span class='ocrx_word' id='word_1_182' title='bbox 779 1885 876 1954; x_wconf 88' lang='lat' dir='ltr'><strong>quippe</strong></span> <span class='ocrx_word' id='word_1_183' title='bbox 901 1895 927 1938; x_wconf 90' lang='lat' dir='ltr'><strong>et</strong></span> <span class='ocrx_word' id='word_1_184' title='bbox 951 1886 1047 1955; x_wconf 88' lang='lat' dir='ltr'><strong>hospes</strong></span> 
     </span>
     <span class='ocr_line' id='line_1_25' title="bbox 140 1951 1047 2024; baseline 0.003 -20"><span class='ocrx_word' id='word_1_185' title='bbox 140 1951 255 2022; x_wconf 89' lang='lat' dir='ltr'><strong>Philippi</strong></span> <span class='ocrx_word' id='word_1_186' title='bbox 268 1953 361 2021; x_wconf 86' lang='lat' dir='ltr'><strong>suerat,</strong></span> <span class='ocrx_word' id='word_1_187' title='bbox 375 1971 435 2006; x_wconf 93' lang='lat' dir='ltr'><strong>cum</strong></span> <span class='ocrx_word' id='word_1_188' title='bbox 456 1953 528 2008; x_wconf 87' lang='lat' dir='ltr'><strong>Ocho</strong></span> <span class='ocrx_word' id='word_1_189' title='bbox 549 1963 673 2021; x_wconf 82' lang='lat' dir='ltr'><strong>regnante</strong></span> <span class='ocrx_word' id='word_1_190' title='bbox 693 1954 819 2022; x_wconf 85' lang='lat' dir='ltr'><strong>exularet,</strong></span> <span class='ocrx_word' id='word_1_191' title='bbox 834 1964 860 2006; x_wconf 88' lang='lat' dir='ltr'><strong>et</strong></span> <span class='ocrx_word' id='word_1_192' title='bbox 873 1955 978 2023; x_wconf 80' lang='lat' dir='ltr'><strong>hospitii</strong></span> <span class='ocrx_word' id='word_1_193' title='bbox 992 1957 1047 2024; x_wconf 88' lang='lat' dir='ltr'><strong>pig·</strong></span> 
     </span>
     <span class='ocr_line' id='line_1_26' title="bbox 140 2022 1045 2090; baseline 0.004 -17"><span class='ocrx_word' id='word_1_194' title='bbox 140 2039 203 2074; x_wconf 84' lang='lat' dir='ltr'><strong>nora</strong></span> <span class='ocrx_word' id='word_1_195' title='bbox 220 2023 245 2074; x_wconf 92' lang='lat' dir='ltr'><strong>in</strong></span> <span class='ocrx_word' id='word_1_196' title='bbox 267 2039 357 2090; x_wconf 88' lang='lat' dir='ltr'><strong>regem</strong></span> <span class='ocrx_word' id='word_1_197' title='bbox 378 2041 454 2074; x_wconf 88' lang='lat' dir='ltr'><strong>suum</strong></span> <span class='ocrx_word' id='word_1_198' title='bbox 475 2022 508 2074; x_wconf 91' lang='lat' dir='ltr'><strong>ad</strong></span> <span class='ocrx_word' id='word_1_199' title='bbox 523 2023 644 2074; x_wconf 90' lang='lat' dir='ltr'><strong>ultimum</strong></span> <span class='ocrx_word' id='word_1_200' title='bbox 664 2023 732 2074; x_wconf 88' lang='lat' dir='ltr'><strong>fides</strong></span> <span class='ocrx_word' id='word_1_201' title='bbox 748 2032 901 2075; x_wconf 87' lang='lat' dir='ltr'><strong>conservata</strong></span> <span class='ocrx_word' id='word_1_202' title='bbox 915 2025 1045 2077; x_wconf 91' lang='lat' dir='ltr'><strong>vincebat.</strong></span> 
     </span>
     <span class='ocr_line' id='line_1_27' title="bbox 140 2088 1045 2164; baseline 0.003 -21"><span class='ocrx_word' id='word_1_203' title='bbox 140 2088 255 2143; x_wconf 89' lang='lat' dir='ltr'><strong>Comiter</strong></span> <span class='ocrx_word' id='word_1_204' title='bbox 268 2093 345 2158; x_wconf 85' lang='lat' dir='ltr'><strong>igitur</strong></span> <span class='ocrx_word' id='word_1_205' title='bbox 357 2102 493 2160; x_wconf 89' lang='lat' dir='ltr'><strong>exceptus,</strong></span> <span class='ocrx_word' id='word_1_206' title='bbox 506 2092 546 2144; x_wconf 90' lang='lat' dir='ltr'><strong>Tu</strong></span> <span class='ocrx_word' id='word_1_207' title='bbox 559 2090 677 2160; x_wconf 90' lang='lat' dir='ltr'><strong>quidem,</strong></span> <span class='ocrx_word' id='word_1_208' title='bbox 691 2093 782 2160; x_wconf 88' lang='lat' dir='ltr'><strong>inquit,</strong></span> <span class='ocrx_word' id='word_1_209' title='bbox 798 2109 849 2162; x_wconf 90' lang='lat' dir='ltr'><strong>rex,</strong></span> <span class='ocrx_word' id='word_1_210' title='bbox 863 2092 927 2144; x_wconf 87' lang='lat' dir='ltr'><strong>deos</strong></span> <span class='ocrx_word' id='word_1_211' title='bbox 939 2111 1045 2164; x_wconf 88' lang='lat' dir='ltr'><strong>quaeso,</strong></span> 
     </span>
     <span class='ocr_line' id='line_1_28' title="bbox 66 2159 1046 2231; baseline 0.004 -20"><span class='ocrx_word' id='word_1_212' title='bbox 66 2202 73 2211; x_wconf 94' lang='lat'><strong><em>.</em></strong></span> <span class='ocrx_word' id='word_1_213' title='bbox 140 2170 267 2230; x_wconf 90' lang='lat' dir='ltr'><strong>perpetua</strong></span> <span class='ocrx_word' id='word_1_214' title='bbox 285 2159 410 2213; x_wconf 80' lang='lat' dir='ltr'><strong>felicitate</strong></span> <span class='ocrx_word' id='word_1_215' title='bbox 429 2161 531 2212; x_wconf 85' lang='lat' dir='ltr'><strong>floreas.</strong></span> <span class='ocrx_word' id='word_1_216' title='bbox 569 2161 624 2227; x_wconf 85' lang='lat' dir='ltr'><strong>Ego</strong></span> <span class='ocrx_word' id='word_1_217' title='bbox 642 2161 736 2212; x_wconf 87' lang='lat' dir='ltr'><strong>ceteris</strong></span> <span class='ocrx_word' id='word_1_218' title='bbox 755 2160 847 2231; x_wconf 85' lang='lat' dir='ltr'><strong>laetus,</strong></span> <span class='ocrx_word' id='word_1_219' title='bbox 861 2161 911 2214; x_wconf 91' lang='lat' dir='ltr'><strong>hoc</strong></span> <span class='ocrx_word' id='word_1_220' title='bbox 929 2179 979 2215; x_wconf 91' lang='lat' dir='ltr'><strong>unc</strong></span> <span class='ocrx_word' id='word_1_221' title='bbox 998 2173 1046 2216; x_wconf 89' lang='lat' dir='ltr'><strong>tur·</strong></span> 
     </span>
     <span class='ocr_line' id='line_1_29' title="bbox 140 2228 1046 2297; baseline 0.009 -18"><span class='ocrx_word' id='word_1_222' title='bbox 140 2245 229 2296; x_wconf 84' lang='lat' dir='ltr'><strong>queur,</strong></span> <span class='ocrx_word' id='word_1_223' title='bbox 250 2229 319 2297; x_wconf 81' lang='lat' dir='ltr'><strong>&#39;quod</strong></span> <span class='ocrx_word' id='word_1_224' title='bbox 341 2229 476 2297; x_wconf 88' lang='lat' dir='ltr'><strong>praecipiti</strong></span> <span class='ocrx_word' id='word_1_225' title='bbox 498 2238 634 2280; x_wconf 86' lang='lat' dir='ltr'><strong>senectute</strong></span> <span class='ocrx_word' id='word_1_226' title='bbox 658 2228 702 2280; x_wconf 88' lang='lat' dir='ltr'><strong>diu</strong></span> <span class='ocrx_word' id='word_1_227' title='bbox 725 2230 774 2282; x_wconf 86' lang='lat' dir='ltr'><strong>frui</strong></span> <span class='ocrx_word' id='word_1_228' title='bbox 796 2239 840 2283; x_wconf 89' lang='lat' dir='ltr'><strong>tua</strong></span> <span class='ocrx_word' id='word_1_229' title='bbox 860 2231 974 2284; x_wconf 88' lang='lat' dir='ltr'><strong>bonitate</strong></span> <span class='ocrx_word' id='word_1_230' title='bbox 995 2249 1046 2287; x_wconf 85' lang='lat' dir='ltr'><strong>nou</strong></span> 
     </span>
     <span class='ocr_line' id='line_1_30' title="bbox 140 2298 1047 2375; baseline 0.007 -27"><span class='ocrx_word' id='word_1_231' title='bbox 140 2314 257 2375; x_wconf 87' lang='lat' dir='ltr'><strong>possum.</strong></span> <span class='ocrx_word' id='word_1_232' title='bbox 292 2299 499 2366; x_wconf 87' lang='lat' dir='ltr'><strong>Nonagesimum</strong></span> <span class='ocrx_word' id='word_1_233' title='bbox 519 2307 544 2350; x_wconf 92' lang='lat' dir='ltr'><strong>et</strong></span> <span class='ocrx_word' id='word_1_234' title='bbox 557 2298 678 2366; x_wconf 90' lang='lat' dir='ltr'><strong>quintum</strong></span> <span class='ocrx_word' id='word_1_235' title='bbox 690 2315 788 2351; x_wconf 92' lang='lat' dir='ltr'><strong>annum</strong></span> <span class='ocrx_word' id='word_1_236' title='bbox 802 2299 906 2368; x_wconf 81' lang='lat' dir='ltr'><strong>agebat.</strong></span> <span class='ocrx_word' id='word_1_237' title='bbox 943 2303 1047 2354; x_wconf 89' lang='lat' dir='ltr'><strong>Novem</strong></span> 
     </span>
     <span class='ocr_line' id='line_1_31' title="bbox 152 2365 1047 2436; baseline 0.004 -18"><span class='ocrx_word' id='word_1_238' title='bbox 152 2383 365 2434; x_wconf 65' lang='lat' dir='ltr'><strong>omnesomnes</strong></span> <span class='ocrx_word' id='word_1_239' title='bbox 383 2365 479 2418; x_wconf 88' lang='lat' dir='ltr'><strong>eadem</strong></span> <span class='ocrx_word' id='word_1_240' title='bbox 501 2377 584 2418; x_wconf 90' lang='lat' dir='ltr'><strong>matre</strong></span> <span class='ocrx_word' id='word_1_241' title='bbox 602 2367 691 2434; x_wconf 75' lang='lat' dir='ltr'><strong>geniti,</strong></span> <span class='ocrx_word' id='word_1_242' title='bbox 705 2377 806 2436; x_wconf 90' lang='lat' dir='ltr'><strong>patrem</strong></span> <span class='ocrx_word' id='word_1_243' title='bbox 826 2369 1047 2434; x_wconf 79' lang='lat' dir='ltr'><strong>comitabantur2⁴</strong></span> 
     </span>
     <span class='ocr_line' id='line_1_32' title="bbox 139 2383 1046 2506; baseline 0.006 -19"><span class='ocrx_word' id='word_1_244' title='bbox 139 2383 189 2487; x_wconf 86' lang='lat' dir='ltr'><strong>hos</strong></span> <span class='ocrx_word' id='word_1_245' title='bbox 202 2436 348 2488; x_wconf 87' lang='lat' dir='ltr'><strong>Artabazus</strong></span> <span class='ocrx_word' id='word_1_246' title='bbox 359 2435 483 2487; x_wconf 89' lang='lat' dir='ltr'><strong>dexterae</strong></span> <span class='ocrx_word' id='word_1_247' title='bbox 504 2436 574 2503; x_wconf 84' lang='lat' dir='ltr'><strong>regis</strong></span> <span class='ocrx_word' id='word_1_248' title='bbox 594 2435 718 2504; x_wconf 88' lang='lat' dir='ltr'><strong>admovit,</strong></span> <span class='ocrx_word' id='word_1_249' title='bbox 733 2447 854 2506; x_wconf 88' lang='lat' dir='ltr'><strong>precatus</strong></span> <span class='ocrx_word' id='word_1_250' title='bbox 876 2448 903 2490; x_wconf 89' lang='lat' dir='ltr'><strong>ut</strong></span> <span class='ocrx_word' id='word_1_251' title='bbox 926 2449 980 2492; x_wconf 87' lang='lat' dir='ltr'><strong>tam</strong></span> <span class='ocrx_word' id='word_1_252' title='bbox 1001 2440 1046 2492; x_wconf 85' lang='lat' dir='ltr'><strong>diu</strong></span> 
     </span>
     <span class='ocr_line' id='line_1_33' title="bbox 141 2504 1047 2576; baseline 0.003 -20"><span class='ocrx_word' id='word_1_253' title='bbox 141 2506 267 2574; x_wconf 88' lang='lat' dir='ltr'><strong>viverent,</strong></span> <span class='ocrx_word' id='word_1_254' title='bbox 286 2504 371 2559; x_wconf 87' lang='lat' dir='ltr'><strong>donec</strong></span> <span class='ocrx_word' id='word_1_255' title='bbox 390 2505 469 2557; x_wconf 89' lang='lat' dir='ltr'><strong>utiles</strong></span> <span class='ocrx_word' id='word_1_256' title='bbox 488 2505 638 2558; x_wconf 85' lang='lat' dir='ltr'><strong>Alexandro</strong></span> <span class='ocrx_word' id='word_1_257' title='bbox 657 2516 753 2558; x_wconf 84' lang='lat' dir='ltr'><strong>essent.</strong></span> <span class='ocrx_word' id='word_1_258' title='bbox 788 2507 846 2558; x_wconf 87' lang='lat' dir='ltr'><strong>Rex</strong></span> <span class='ocrx_word' id='word_1_259' title='bbox 865 2509 978 2576; x_wconf 86' lang='lat' dir='ltr'><strong>pedibirs</strong></span> <span class='ocrx_word' id='word_1_260' title='bbox 997 2509 1047 2561; x_wconf 87' lang='lat' dir='ltr'><strong>iter</strong></span> 
     </span>
     <span class='ocr_line' id='line_1_34' title="bbox 140 2573 1047 2652; baseline 0.007 -28"><span class='ocrx_word' id='word_1_261' title='bbox 140 2573 296 2652; x_wconf 89' lang='lat' dir='ltr'><strong>plerumque</strong></span> <span class='ocrx_word' id='word_1_262' title='bbox 309 2574 441 2628; x_wconf 81' lang='lat' dir='ltr'><strong>faciebat:</strong></span> <span class='ocrx_word' id='word_1_263' title='bbox 460 2583 523 2628; x_wconf 87' lang='lat' dir='ltr'><strong>tunc</strong></span> <span class='ocrx_word' id='word_1_264' title='bbox 542 2575 677 2627; x_wconf 87' lang='lat' dir='ltr'><strong>admoveri</strong></span> <span class='ocrx_word' id='word_1_265' title='bbox 697 2575 747 2628; x_wconf 88' lang='lat' dir='ltr'><strong>sibi</strong></span> <span class='ocrx_word' id='word_1_266' title='bbox 767 2585 793 2628; x_wconf 90' lang='lat' dir='ltr'><strong>et</strong></span> <span class='ocrx_word' id='word_1_267' title='bbox 815 2577 945 2630; x_wconf 76' lang='lat' dir='ltr'><strong>Artabazo</strong></span> <span class='ocrx_word' id='word_1_268' title='bbox 964 2595 1047 2647; x_wconf 90' lang='lat' dir='ltr'><strong>equos</strong></span> 
     </span>
     <span class='ocr_line' id='line_1_35' title="bbox 139 2644 1046 2714; baseline 0.007 -20"><span class='ocrx_word' id='word_1_269' title='bbox 139 2644 224 2712; x_wconf 78' lang='lat' dir='ltr'><strong>Jnssit,</strong></span> <span class='ocrx_word' id='word_1_270' title='bbox 244 2661 276 2696; x_wconf 92' lang='lat' dir='ltr'><strong>ne</strong></span> <span class='ocrx_word' id='word_1_271' title='bbox 297 2645 353 2714; x_wconf 88' lang='lat' dir='ltr'><strong>ipso</strong></span> <span class='ocrx_word' id='word_1_272' title='bbox 371 2644 534 2713; x_wconf 85' lang='lat' dir='ltr'><strong>ingrediente</strong></span> <span class='ocrx_word' id='word_1_273' title='bbox 554 2644 673 2714; x_wconf 86' lang='lat' dir='ltr'><strong>pedibus,</strong></span> <span class='ocrx_word' id='word_1_274' title='bbox 691 2661 774 2698; x_wconf 91' lang='lat' dir='ltr'><strong>senex</strong></span> <span class='ocrx_word' id='word_1_275' title='bbox 792 2659 860 2714; x_wconf 89' lang='lat' dir='ltr'><strong>equo</strong></span> <span class='ocrx_word' id='word_1_276' title='bbox 873 2647 935 2698; x_wconf 91' lang='lat' dir='ltr'><strong>vehi</strong></span> <span class='ocrx_word' id='word_1_277' title='bbox 954 2648 1046 2700; x_wconf 54' lang='lat' dir='ltr'><strong>erube*</strong></span> 
     </span>
     <span class='ocr_line' id='line_1_36' title="bbox 140 2721 234 2764; baseline 0 0"><span class='ocrx_word' id='word_1_278' title='bbox 140 2721 234 2764; x_wconf 89' lang='lat' dir='ltr'><strong>sceret.</strong></span> 
     </span>
    </p>

    <p class='ocr_par' dir='ltr' id='par_1_7' title="bbox 139 2776 1047 2921">
     <span class='ocr_line' id='line_1_37' title="bbox 177 2776 1047 2853; baseline 0.002 -19"><span class='ocrx_word' id='word_1_279' title='bbox 177 2788 215 2834; x_wconf 88' lang='lat'><strong>15.</strong></span> <span class='ocrx_word' id='word_1_280' title='bbox 235 2783 270 2838; x_wconf 89' lang='lat' dir='ltr'><strong>Ut</strong></span> <span class='ocrx_word' id='word_1_281' title='bbox 282 2776 379 2836; x_wconf 88' lang='lat' dir='ltr'><strong>deinde</strong></span> <span class='ocrx_word' id='word_1_282' title='bbox 392 2791 477 2836; x_wconf 86' lang='lat' dir='ltr'><strong>castra</strong></span> <span class='ocrx_word' id='word_1_283' title='bbox 497 2779 557 2835; x_wconf 90' lang='lat' dir='ltr'><strong>sunt</strong></span> <span class='ocrx_word' id='word_1_284' title='bbox 578 2783 669 2851; x_wconf 91' lang='lat' dir='ltr'><strong>posita,</strong></span> <span class='ocrx_word' id='word_1_285' title='bbox 684 2785 806 2853; x_wconf 86' lang='lat' dir='ltr'><strong>Graecos,</strong></span> <span class='ocrx_word' id='word_1_286' title='bbox 820 2800 886 2852; x_wconf 91' lang='lat' dir='ltr'><strong>quos</strong></span> <span class='ocrx_word' id='word_1_287' title='bbox 898 2785 1047 2838; x_wconf 83' lang='lat' dir='ltr'><strong>Artabazus</strong></span> 
     </span>
     <span class='ocr_line' id='line_1_38' title="bbox 139 2849 1046 2921; baseline 0.002 -17"><span class='ocrx_word' id='word_1_288' title='bbox 139 2849 293 2921; x_wconf 84' lang='lat' dir='ltr'><strong>adduxerat,</strong></span> <span class='ocrx_word' id='word_1_289' title='bbox 306 2853 443 2905; x_wconf 90' lang='lat' dir='ltr'><strong>convocari</strong></span> <span class='ocrx_word' id='word_1_290' title='bbox 461 2851 550 2921; x_wconf 82' lang='lat' dir='ltr'><strong>jubet:</strong></span> <span class='ocrx_word' id='word_1_291' title='bbox 570 2862 596 2904; x_wconf 90' lang='lat' dir='ltr'><strong>at</strong></span> <span class='ocrx_word' id='word_1_292' title='bbox 615 2851 660 2920; x_wconf 94' lang='lat' dir='ltr'><strong>illi,</strong></span> <span class='ocrx_word' id='word_1_293' title='bbox 675 2853 723 2904; x_wconf 89' lang='lat' dir='ltr'><strong>nisi</strong></span> <span class='ocrx_word' id='word_1_294' title='bbox 741 2853 808 2906; x_wconf 87' lang='lat' dir='ltr'><strong>fides</strong></span> <span class='ocrx_word' id='word_1_295' title='bbox 826 2854 1046 2908; x_wconf 86' lang='lat' dir='ltr'><strong>Lacedaemoniis</strong></span> 
     </span>
    </p>
   </div>
   <div class='ocr_carea' id='block_1_5' title="bbox 137 2938 1068 3356">
    <p class='ocr_par' dir='ltr' id='par_1_8' title="bbox 139 2938 1068 3133">
     <span class='ocr_line' id='line_1_39' title="bbox 169 2938 1068 3063; baseline 0.007 -63"><span class='ocrx_word' id='word_1_296' title='bbox 169 2954 250 3022; x_wconf 55' lang='lat' dir='ltr'><strong>[Thai</strong></span> <span class='ocrx_word' id='word_1_297' title='bbox 267 2938 458 3016; x_wconf 45' lang='lat' dir='ltr'><strong>issHyrcorrioe.</strong></span> <span class='ocrx_word' id='word_1_298' title='bbox 490 2940 611 3063; x_wconf 63' lang='lat' dir='ltr'><strong>Hprcania</strong></span> <span class='ocrx_word' id='word_1_299' title='bbox 627 2964 690 3012; x_wconf 86' lang='lat' dir='ltr'><strong>(now</strong></span> <span class='ocrx_word' id='word_1_300' title='bbox 706 2957 869 3013; x_wconf 74' lang='lat' dir='ltr'><strong>Maeanderinl</strong></span> <span class='ocrx_word' id='word_1_301' title='bbox 885 2949 941 3020; x_wconf 79' lang='lat' dir='ltr'><strong>may</strong></span> <span class='ocrx_word' id='word_1_302' title='bbox 957 2962 987 3008; x_wconf 91' lang='lat' dir='ltr'><strong>be</strong></span> <span class='ocrx_word' id='word_1_303' title='bbox 1004 2959 1044 3008; x_wconf 85' lang='lat' dir='ltr'><strong>de·</strong></span> <span class='ocrx_word' id='word_1_304' title='bbox 1067 2975 1068 2984; x_wconf 58' lang='lat'>¹</span> 
     </span>
     <span class='ocr_line' id='line_1_40' title="bbox 139 3013 1043 3075; baseline 0.01 -17"><span class='ocrx_word' id='word_1_305' title='bbox 139 3013 233 3059; x_wconf 83' lang='lat' dir='ltr'><strong>scribed</strong></span> <span class='ocrx_word' id='word_1_306' title='bbox 255 3029 280 3060; x_wconf 88' lang='lat' dir='ltr'><strong>as</strong></span> <span class='ocrx_word' id='word_1_307' title='bbox 300 3029 330 3060; x_wconf 89' lang='lat' dir='ltr'><strong>an</strong></span> <span class='ocrx_word' id='word_1_308' title='bbox 346 3017 471 3062; x_wconf 87' lang='lat' dir='ltr'><strong>extensive</strong></span> <span class='ocrx_word' id='word_1_309' title='bbox 487 3032 517 3062; x_wconf 91' lang='lat' dir='ltr'><strong>va</strong></span> <span class='ocrx_word' id='word_1_310' title='bbox 529 3017 576 3075; x_wconf 89' lang='lat' dir='ltr'><strong>ley‚</strong></span> <span class='ocrx_word' id='word_1_311' title='bbox 595 3015 696 3063; x_wconf 87' lang='lat' dir='ltr'><strong>covered</strong></span> <span class='ocrx_word' id='word_1_312' title='bbox 715 3016 773 3064; x_wconf 88' lang='lat' dir='ltr'><strong>with</strong></span> <span class='ocrx_word' id='word_1_313' title='bbox 790 3026 854 3065; x_wconf 90' lang='lat' dir='ltr'><strong>trees</strong></span> <span class='ocrx_word' id='word_1_314' title='bbox 871 3019 917 3067; x_wconf 88' lang='lat' dir='ltr'><strong>and</strong></span> <span class='ocrx_word' id='word_1_315' title='bbox 933 3017 1043 3074; x_wconf 79' lang='lat' dir='ltr'><strong>verduno,</strong></span> 
     </span>
     <span class='ocr_line' id='line_1_41' title="bbox 139 3071 666 3133; baseline 0.006 -16"><span class='ocrx_word' id='word_1_316' title='bbox 139 3071 219 3118; x_wconf 87' lang='lat' dir='ltr'><strong>which</strong></span> <span class='ocrx_word' id='word_1_317' title='bbox 230 3071 310 3130; x_wconf 87' lang='lat' dir='ltr'><strong>slopes</strong></span> <span class='ocrx_word' id='word_1_318' title='bbox 321 3071 392 3122; x_wconf 91' lang='lat' dir='ltr'><strong>down</strong></span> <span class='ocrx_word' id='word_1_319' title='bbox 403 3082 428 3120; x_wconf 87' lang='lat' dir='ltr'><strong>to</strong></span> <span class='ocrx_word' id='word_1_320' title='bbox 440 3073 480 3121; x_wconf 90' lang='lat' dir='ltr'><strong>the</strong></span> <span class='ocrx_word' id='word_1_321' title='bbox 494 3075 598 3133; x_wconf 87' lang='lat' dir='ltr'><strong>Caspian</strong></span> <span class='ocrx_word' id='word_1_322' title='bbox 611 3074 666 3121; x_wconf 85' lang='lat' dir='ltr'><strong>Sea.</strong></span> 
     </span>
    </p>

    <p class='ocr_par' dir='ltr' id='par_1_9' title="bbox 137 3129 1046 3250">
     <span class='ocr_line' id='line_1_42' title="bbox 167 3129 1046 3196; baseline 0.01 -21"><span class='ocrx_word' id='word_1_323' title='bbox 167 3129 250 3176; x_wconf 72' lang='lat' dir='ltr'><strong>&#39;This</strong></span> <span class='ocrx_word' id='word_1_324' title='bbox 267 3139 397 3178; x_wconf 89' lang='lat' dir='ltr'><strong>statement</strong></span> <span class='ocrx_word' id='word_1_325' title='bbox 416 3131 435 3178; x_wconf 91' lang='lat' dir='ltr'><strong>is</strong></span> <span class='ocrx_word' id='word_1_326' title='bbox 453 3133 519 3191; x_wconf 87' lang='lat' dir='ltr'><strong>quite</strong></span> <span class='ocrx_word' id='word_1_327' title='bbox 536 3142 636 3180; x_wconf 87' lang='lat' dir='ltr'><strong>correct.</strong></span> <span class='ocrx_word' id='word_1_328' title='bbox 669 3133 724 3180; x_wconf 84' lang='lat' dir='ltr'><strong>The</strong></span> <span class='ocrx_word' id='word_1_329' title='bbox 735 3133 865 3188; x_wconf 81' lang='lat' dir='ltr'><strong>thiclrened</strong></span> <span class='ocrx_word' id='word_1_330' title='bbox 877 3152 919 3196; x_wconf 89' lang='lat' dir='ltr'><strong>sap</strong></span> <span class='ocrx_word' id='word_1_331' title='bbox 930 3136 951 3184; x_wconf 89' lang='lat' dir='ltr'><strong>is</strong></span> <span class='ocrx_word' id='word_1_332' title='bbox 962 3153 977 3184; x_wconf 89' lang='lat' dir='ltr'><strong>a</strong></span> <span class='ocrx_word' id='word_1_333' title='bbox 986 3134 1046 3184; x_wconf 79' lang='lat' dir='ltr'><strong>kind</strong></span> 
     </span>
     <span class='ocr_line' id='line_1_43' title="bbox 137 3187 824 3250; baseline 0.007 -14"><span class='ocrx_word' id='word_1_334' title='bbox 137 3187 166 3236; x_wconf 84' lang='lat' dir='ltr'><strong>ol</strong></span> <span class='ocrx_word' id='word_1_335' title='bbox 178 3203 272 3244; x_wconf 85' lang='lat' dir='ltr'><strong>manna,</strong></span> <span class='ocrx_word' id='word_1_336' title='bbox 286 3188 332 3236; x_wconf 86' lang='lat' dir='ltr'><strong>and</strong></span> <span class='ocrx_word' id='word_1_337' title='bbox 343 3189 363 3236; x_wconf 90' lang='lat' dir='ltr'><strong>is</strong></span> <span class='ocrx_word' id='word_1_338' title='bbox 374 3190 435 3237; x_wconf 87' lang='lat' dir='ltr'><strong>used</strong></span> <span class='ocrx_word' id='word_1_339' title='bbox 446 3191 478 3250; x_wconf 89' lang='lat' dir='ltr'><strong>by</strong></span> <span class='ocrx_word' id='word_1_340' title='bbox 489 3192 529 3239; x_wconf 89' lang='lat' dir='ltr'><strong>the</strong></span> <span class='ocrx_word' id='word_1_341' title='bbox 542 3191 688 3244; x_wconf 85' lang='lat' dir='ltr'><strong>inhabitants</strong></span> <span class='ocrx_word' id='word_1_342' title='bbox 700 3191 735 3239; x_wconf 85' lang='lat' dir='ltr'><strong>lor</strong></span> <span class='ocrx_word' id='word_1_343' title='bbox 745 3209 774 3240; x_wconf 86' lang='lat' dir='ltr'><strong>su</strong></span> <span class='ocrx_word' id='word_1_344' title='bbox 792 3209 824 3242; x_wconf 90' lang='lat' dir='ltr'><strong>ar.</strong></span> 
     </span>
    </p>

    <p class='ocr_par' dir='ltr' id='par_1_10' title="bbox 167 3209 888 3356">
     <span class='ocr_line' id='line_1_44' title="bbox 167 3209 888 3356; baseline 0.011 -63"><span class='ocrx_word' id='word_1_345' title='bbox 167 3248 206 3293; x_wconf 73' lang='grc' dir='ltr'><strong>Ἀ</strong></span> <span class='ocrx_word' id='word_1_346' title='bbox 218 3247 279 3294; x_wconf 87' lang='lat' dir='ltr'><strong>tribe</strong></span> <span class='ocrx_word' id='word_1_347' title='bbox 291 3247 400 3295; x_wconf 87' lang='lat' dir='ltr'><strong>borderin</strong></span> <span class='ocrx_word' id='word_1_348' title='bbox 429 3265 493 3308; x_wconf 94' lang='lat' dir='ltr'><strong>upon</strong></span> <span class='ocrx_word' id='word_1_349' title='bbox 504 3251 544 3297; x_wconf 89' lang='lat' dir='ltr'><strong>the</strong></span> <span class='ocrx_word' id='word_1_350' title='bbox 557 3250 715 3356; x_wconf 45' lang='lat' dir='ltr'><strong>Hpqrcanians,</strong></span> <span class='ocrx_word' id='word_1_351' title='bbox 727 3267 757 3298; x_wconf 89' lang='lat' dir='ltr'><strong>on</strong></span> <span class='ocrx_word' id='word_1_352' title='bbox 769 3209 808 3300; x_wconf 73' lang='lat' dir='ltr'><strong>tlte</strong></span> <span class='ocrx_word' id='word_1_353' title='bbox 821 3263 888 3302; x_wconf 86' lang='lat' dir='ltr'><strong>west.</strong></span> 
     </span>
    </p>
   </div>
   <div class='ocr_carea' id='block_1_6' title="bbox 138 3307 1047 3540">
    <p class='ocr_par' dir='ltr' id='par_1_11' title="bbox 138 3307 1047 3540">
     <span class='ocr_line' id='line_1_45' title="bbox 167 3307 1045 3368; baseline 0.007 -14"><span class='ocrx_word' id='word_1_354' title='bbox 167 3307 363 3360; x_wconf 63' lang='lat' dir='ltr'><strong>‘Pharnabazus</strong></span> <span class='ocrx_word' id='word_1_355' title='bbox 377 3323 390 3354; x_wconf 92' lang='lat' dir='ltr'><strong>a</strong></span> <span class='ocrx_word' id='word_1_356' title='bbox 408 3308 478 3355; x_wconf 89' lang='lat' dir='ltr'><strong>miral</strong></span> <span class='ocrx_word' id='word_1_357' title='bbox 488 3309 516 3356; x_wconf 87' lang='lat' dir='ltr'><strong>ol</strong></span> <span class='ocrx_word' id='word_1_358' title='bbox 527 3308 567 3356; x_wconf 85' lang='lat' dir='ltr'><strong>the</strong></span> <span class='ocrx_word' id='word_1_359' title='bbox 602 3310 680 3356; x_wconf 89' lang='lat' dir='ltr'><strong>ersian</strong></span> <span class='ocrx_word' id='word_1_360' title='bbox 691 3309 747 3358; x_wconf 85' lang='lat' dir='ltr'><strong>fleat</strong></span> <span class='ocrx_word' id='word_1_361' title='bbox 759 3317 808 3366; x_wconf 84' lang='lat' dir='ltr'><strong>(see</strong></span> <span class='ocrx_word' id='word_1_362' title='bbox 819 3313 852 3360; x_wconf 90' lang='lat' dir='ltr'><strong>iii.</strong></span> <span class='ocrx_word' id='word_1_363' title='bbox 863 3317 894 3368; x_wconf 80' lang='lat'><strong>6),</strong></span> <span class='ocrx_word' id='word_1_364' title='bbox 908 3313 954 3362; x_wconf 86' lang='lat' dir='ltr'><strong>and</strong></span> <span class='ocrx_word' id='word_1_365' title='bbox 970 3312 1045 3362; x_wconf 82' lang='lat' dir='ltr'><strong>taken</strong></span> 
     </span>
     <span class='ocr_line' id='line_1_46' title="bbox 138 3365 1045 3424; baseline 0.009 -12"><span class='ocrx_word' id='word_1_366' title='bbox 138 3365 245 3424; x_wconf 86' lang='lat' dir='ltr'><strong>prisoner</strong></span> <span class='ocrx_word' id='word_1_367' title='bbox 256 3367 288 3424; x_wconf 86' lang='lat' dir='ltr'><strong>by</strong></span> <span class='ocrx_word' id='word_1_368' title='bbox 299 3365 340 3412; x_wconf 89' lang='lat' dir='ltr'><strong>the</strong></span> <span class='ocrx_word' id='word_1_369' title='bbox 352 3365 524 3414; x_wconf 81' lang='lat' dir='ltr'><strong>Macedonicus</strong></span> <span class='ocrx_word' id='word_1_370' title='bbox 536 3368 575 3421; x_wconf 92' lang='lat' dir='ltr'><strong>(iv.</strong></span> <span class='ocrx_word' id='word_1_371' title='bbox 587 3371 633 3424; x_wconf 79' lang='lat'><strong>23),</strong></span> <span class='ocrx_word' id='word_1_372' title='bbox 647 3384 697 3416; x_wconf 87' lang='lat' dir='ltr'><strong>was</strong></span> <span class='ocrx_word' id='word_1_373' title='bbox 709 3384 721 3416; x_wconf 90' lang='lat' dir='ltr'><strong>a</strong></span> <span class='ocrx_word' id='word_1_374' title='bbox 733 3385 777 3418; x_wconf 91' lang='lat' dir='ltr'><strong>son</strong></span> <span class='ocrx_word' id='word_1_375' title='bbox 788 3370 815 3418; x_wconf 83' lang='lat' dir='ltr'><strong>ol</strong></span> <span class='ocrx_word' id='word_1_376' title='bbox 822 3373 967 3420; x_wconf 79' lang='lat' dir='ltr'><strong>Artabanus.</strong></span> <span class='ocrx_word' id='word_1_377' title='bbox 994 3372 1045 3420; x_wconf 85' lang='lat' dir='ltr'><strong>Ac·</strong></span> 
     </span>
     <span class='ocr_line' id='line_1_47' title="bbox 138 3424 1047 3492; baseline 0.009 -20"><span class='ocrx_word' id='word_1_378' title='bbox 138 3424 237 3484; x_wconf 84' lang='lat' dir='ltr'><strong>eordiug</strong></span> <span class='ocrx_word' id='word_1_379' title='bbox 247 3434 272 3472; x_wconf 88' lang='lat' dir='ltr'><strong>to</strong></span> <span class='ocrx_word' id='word_1_380' title='bbox 285 3425 372 3492; x_wconf 81' lang='lat' dir='ltr'><strong>Arrian</strong></span> <span class='ocrx_word' id='word_1_381' title='bbox 383 3425 414 3472; x_wconf 91' lang='lat' dir='ltr'><strong>he</strong></span> <span class='ocrx_word' id='word_1_382' title='bbox 430 3424 532 3484; x_wconf 86' lang='lat' dir='ltr'><strong>escaped</strong></span> <span class='ocrx_word' id='word_1_383' title='bbox 548 3440 606 3492; x_wconf 78' lang='lat' dir='ltr'><strong>soon</strong></span> <span class='ocrx_word' id='word_1_384' title='bbox 623 3427 683 3474; x_wconf 90' lang='lat' dir='ltr'><strong>aster</strong></span> <span class='ocrx_word' id='word_1_385' title='bbox 699 3427 737 3476; x_wconf 90' lang='lat' dir='ltr'><strong>his</strong></span> <span class='ocrx_word' id='word_1_386' title='bbox 752 3445 781 3476; x_wconf 90' lang='lat' dir='ltr'><strong>ca</strong></span> <span class='ocrx_word' id='word_1_387' title='bbox 798 3439 865 3488; x_wconf 82' lang='lat' dir='ltr'><strong>ture3</strong></span> <span class='ocrx_word' id='word_1_388' title='bbox 882 3432 925 3478; x_wconf 87' lang='lat' dir='ltr'><strong>but</strong></span> <span class='ocrx_word' id='word_1_389' title='bbox 937 3429 1047 3480; x_wconf 84' lang='lat' dir='ltr'><strong>whether</strong></span> 
     </span>
     <span class='ocr_line' id='line_1_48' title="bbox 140 3479 793 3540; baseline 0.008 -10"><span class='ocrx_word' id='word_1_390' title='bbox 140 3479 168 3530; x_wconf 75' lang='lat' dir='ltr'><strong>&#39;re</strong></span> <span class='ocrx_word' id='word_1_391' title='bbox 180 3499 231 3532; x_wconf 88' lang='lat' dir='ltr'><strong>was</strong></span> <span class='ocrx_word' id='word_1_392' title='bbox 242 3483 301 3530; x_wconf 88' lang='lat' dir='ltr'><strong>with</strong></span> <span class='ocrx_word' id='word_1_393' title='bbox 311 3483 349 3531; x_wconf 86' lang='lat' dir='ltr'><strong>hrs</strong></span> <span class='ocrx_word' id='word_1_394' title='bbox 361 3483 439 3532; x_wconf 87' lang='lat' dir='ltr'><strong>father</strong></span> <span class='ocrx_word' id='word_1_395' title='bbox 449 3498 476 3532; x_wconf 91' lang='lat' dir='ltr'><strong>or</strong></span> <span class='ocrx_word' id='word_1_396' title='bbox 488 3495 537 3540; x_wconf 89' lang='lat' dir='ltr'><strong>not,</strong></span> <span class='ocrx_word' id='word_1_397' title='bbox 551 3499 571 3532; x_wconf 91' lang='lat' dir='ltr'><strong>rs</strong></span> <span class='ocrx_word' id='word_1_398' title='bbox 583 3487 694 3534; x_wconf 87' lang='lat' dir='ltr'><strong>nowhere</strong></span> <span class='ocrx_word' id='word_1_399' title='bbox 705 3497 768 3535; x_wconf 85' lang='lat' dir='ltr'><strong>state</strong></span> <span class='ocrx_word' id='word_1_400' title='bbox 787 3523 793 3535; x_wconf 91' lang='lat'><strong>.</strong></span> 
     </span>
    </p>
   </div>
   <div class='ocr_carea' id='block_1_7' title="bbox 0 0 1211 3890">
    <p class='ocr_par' dir='ltr' id='par_1_12' title="bbox 0 0 1211 3890">
     <span class='ocr_line' id='line_1_49' title="bbox 0 0 1211 3890; baseline 0 0"><span class='ocrx_word' id='word_1_401' title='bbox 0 0 1211 3890; x_wconf 95' lang='lat' dir='ltr'><strong> </strong></span> 
     </span>
    </p>
   </div>
  </div>
 </body>
</html>
