2314 3886
153 213 213 271 226
420 227 460 268 na
483 225 590 268 susara
611 225 792 268 saansaan

152 335 291 402 concussit,
315 334 456 414 fundisque
484 341 512 388 at
541 334 644 402 sagittis
672 331 890 412 propugnantium
921 331 1071 402 plerosque

152 407 266 477 dejecit:
291 419 357 471 quos
377 404 422 457 ubr
441 403 575 472 dispersos
594 403 701 482 fugavit,
723 403 812 456 ruinas
834 400 1071 454 munimentorum

153 489 337 545 supergressus
353 473 388 525 ad
405 480 506 542 petram
525 472 641 526 admovit
654 472 808 525 exercitum.
845 471 979 524 Ceterum
993 471 1070 522 inter·

152 543 278 598 veniebat
297 542 401 610 fluvios,
420 541 577 604 oo'e‘untibus
598 542 674 610 aquis
696 558 730 594 ex
752 539 884 609 superiore
906 538 1021 608 fastigio
1045 537 1072 590 iu

153 613 268 681 vallem,
287 611 431 680 magnique
450 610 538 680 operis
554 610 694 664 videbatur
712 621 767 664 tam
784 618 888 662 vastam
908 610 1072 678 voraginem

152 682 268 752 explere.
305 681 386 734 Caedi
409 688 498 734 tamen
521 679 628 732 arbores
648 688 675 732 et
699 695 762 732 saxa
782 678 887 746 congeri
911 677 1012 746 jussit:
1035 679 1072 730 in·

151 767 271 822 gensque
290 751 415 804 barbaros
436 764 524 818 pavor,
543 747 622 802 rudes
641 747 676 800 ad
697 748 758 800 talia
777 764 864 817 opera,
882 755 1071 816 concusserat,

152 822 295 875 excitatam
306 819 404 872 molem
418 818 504 871 subito
516 827 664 872 sementes.

188 896 212 944 9.
231 891 324 960 ltaque
342 905 389 942 rex
407 887 442 940 ad
461 885 623 940 deditionem
641 895 715 940 metu
738 903 815 965 posse
834 884 966 954 compelli
991 893 1072 954 ratus,

153 962 266 1014 Oxarten
287 957 360 1012 misit
379 956 491 1010 nationis
508 955 638 1025 ejusdem,
657 956 705 1011 sed
722 956 835 1008 dicionis
852 971 926 1022 suae,
940 955 994 1023 qui
1013 972 1072 1008 sua·

152 1031 228 1084 deret
239 1028 308 1096 duci,
322 1036 350 1080 ut
361 1025 476 1079 traderet
487 1034 598 1095 petram.
634 1025 742 1079 Interim
759 1024 794 1078 ad
811 1023 968 1092 augendam
982 1023 1073 1078 formi-

153 1099 244 1152 dinem
268 1105 294 1150 et
317 1105 402 1148 turres
424 1094 640 1164 admovebantur,
661 1104 687 1146 at
711 1111 824 1148 excussa
846 1094 995 1146 tormentis
1020 1093 1074 1146 tela

153 1167 306 1222 micabant.¹
341 1165 433 1234 ltaque
445 1165 573 1218 verticem
586 1175 684 1233 patrae,
697 1163 769 1216 durni
780 1162 830 1214 alio
842 1161 982 1231 praesidio
996 1161 1073 1214 dam·

152 1237 241 1304 nato,⁹
270 1235 426 1303 petivemnt.
469 1236 506 1287 At
535 1233 644 1288 Oxartes
679 1233 810 1302 trepidum
839 1231 1073 1300 diffidentemque

154 1305 234 1358 rebus
253 1303 309 1356 suis
327 1301 513 1372 Sysimithreru
532 1303 619 1382 coepit
639 1302 743 1370 hortari,
763 1310 791 1354 ut
808 1300 889 1354 fidem
910 1317 1001 1368 quam
1016 1301 1073 1354 rim

153 1371 334 1428 Macedonum
360 1371 452 1424 mallet
478 1371 599 1442 experiri,
623 1388 676 1424 neu
699 1379 843 1424 moraretur
863 1369 1071 1423 festinationem

154 1442 260 1495 victoris
279 1440 412 1492 exercitus
431 1440 458 1494 in
480 1439 585 1494 Indiam
605 1440 752 1494 tendentis:
774 1439 817 1492 cui
834 1439 958 1508 quisquis
981 1451 1072 1494 semet

153 1509 267 1579 offerret,
280 1509 307 1562 in
325 1526 403 1562 suum
422 1518 501 1578 caput
518 1510 634 1564 alienam
645 1508 761 1562 cladem³
771 1525 830 1568 esse
844 1524 998 1561 versurum.
1037 1509 1073 1562 Et

154 1580 212 1650 ipse
236 1579 345 1648 quidem
374 1577 545 1648 Sysimitbres
570 1578 732 1634 deditionem
760 1576 911 1630 annuebat:
943 1587 1071 1632 ceterum

154 1656 239 1703 mator
262 1647 412 1717 eademque
436 1647 551 1717 conjunx
577 1648 728 1702 morituram
757 1663 786 1699 se
808 1655 870 1698 ante
894 1645 1047 1700 denuntiari

153 1734 233 1787 quam
263 1718 290 1770 in
319 1716 399 1773 ullius
421 1717 523 1769 reniret
551 1725 718 1786 potestatem,
742 1715 847 1770 barbari
876 1716 1004 1768 animum
1035 1664 1070 1769 all

153 1785 303 1840 honestiore
321 1803 402 1855 quam
426 1784 522 1838 tutiora
544 1793 715 1848 converterat,
739 1785 908 1855 pudebatque
933 1782 1071 1838 libertatis

153 1855 241 1925 majus
252 1871 312 1908 esse
323 1853 395 1926 apud
407 1853 529 1925 laminas,
542 1870 622 1924 quarn
640 1853 711 1926 apud
722 1855 791 1908 viros
809 1853 932 1922 pretium.
971 1855 1015 1906 Ita
1035 1872 1069 1908 us

152 1924 263 1978 dimisso
275 1924 433 1978 internuntio
450 1923 530 1994 pacis,
543 1922 707 1978 obsidionem
725 1923 792 1976 serre
809 1923 977 1976 decreverat.
1052 1923 1068 1976 d

152 2009 214 2046 oum
233 1993 397 2048 bostisvires
415 2009 530 2062 suasque
548 2002 677 2062 pensaret,
690 2009 778 2046 rursus
794 1991 931 2046 muliebris
949 1992 1068 2062 consilii,

152 2063 223 2131 quod
235 2077 363 2131 praeceps
374 2063 461 2130 magis
471 2079 552 2130 quam
564 2061 742 2114 necessarium
754 2079 813 2114 esse
826 2061 960 2130 credebat,
974 2063 1068 2130 poeni·

154 2139 210 2183 tero
222 2147 283 2182 eum
297 2131 400 2199 coepit:
418 2139 715 2200 revocatoque'strenue
733 2131 836 2198 Oxarte,
849 2128 967 2182 futurum
991 2149 1023 2184 se
1041 2131 1069 2184 iu

154 2199 223 2266 regis
242 2206 372 2266 potestate
393 2198 533 2268 respondit,
552 2217 635 2254 unum
654 2209 784 2269 precatus,
801 2215 835 2251 ne
850 2198 1021 2254 voluntatem
1040 2211 1069 2253 et

153 2267 296 2320 consilium
313 2268 481 2320 matrissuae
493 2268 621 2337 proderet,
635 2285 687 2337 quo
699 2267 804 2322 facilius
815 2266 894 2320 venia
906 2267 942 2319 illi
956 2285 1068 2338 quoque

154 2335 347 2404 impetraretur.
383 2336 561 2390 Praemissum
574 2337 651 2405 igitur
662 2339 775 2391 Oxarten
788 2353 850 2390 cnm
862 2345 948 2388 matre
961 2336 1068 2391 liberis·

190 2421 205 2456 e
223 2412 250 2456 et
268 2404 346 2456 totius
363 2404 523 2472 cognationis
534 2421 614 2473 grege
627 2407 794 2476 sequebatur,
807 2423 841 2460 ue
853 2423 886 2460 ex
905 2413 997 2458 eotato
1010 2408 1068 2476 qni·

172 2490 217 2527 arn
240 2471 304 2526 fidei
326 2473 442 2542 pignore,
464 2473 532 2552 quod
557 2474 667 2528 Oxartes
688 2475 850 2545 promiserat.
886 2423 952 2543 lex,
972 2475 1068 2545 equite

153 2543 305 2622 praemisso,
319 2543 364 2611 qui
384 2551 479 2596 reverti
499 2559 544 2596 ecs
566 2542 678 2612 juberet,
697 2543 862 2613 opperirique
881 2545 1068 2613 praesentiam

153 2612 243 2681 ipsius,
258 2611 423 2682 supervenit;
441 2620 468 2664 et
479 2611 597 2665 victimis
614 2613 752 2666 Minervae
770 2630 803 2666 ao
818 2611 949 2666 Victoriae
967 2616 1067 2684 caesis,

153 2680 297 2750 imperium
314 2681 465 2750 Sysimithri
484 2681 603 2750 restituit,
616 2698 664 2750 spe
682 2681 791 2751 majoris
808 2682 889 2734 etiam
909 2683 1066 2749 provinciae

153 2748 231 2819 facta,
257 2750 278 2803 si
302 2767 364 2804 corn
388 2750 441 2804 fide
464 2751 609 2803 amicitiam
638 2751 720 2818 ipsius
748 2750 881 2811 coluisset.
925 2750 1002 2804 Duos
1026 2753 1067 2805 illi
1125 2747 1126 2768 ³

151 2816 264 2885 juvenes
276 2829 348 2887 patre
360 2819 488 2887 tradente,
502 2835 593 2872 secum
607 2819 763 2872 militaturos
774 2819 849 2888 sequi
861 2817 948 2888 jussit.

189 2892 228 2938 10.
247 2887 349 2940 Relicta
361 2887 458 2940 deinde
470 2886 601 2958 phalange
612 2887 646 2940 ad
658 2888 826 2956 subigendos,
839 2889 883 2956 qui
896 2887 1064 2959 deiecerant,

151 2970 215 3008 curn
238 2956 327 3024 equite
351 2957 485 3026 processit.
528 2957 651 3011 Arduum
676 2966 703 3010 et
730 2957 889 3027 impeditum
916 2957 990 3010 sexis
1015 2960 1065 3013 iter

150 3023 239 3092 primo,
264 3033 399 3094 utcunque
428 3026 583 3080 tolerabant.
626 3026 693 3079 Mox
715 3043 844 3105 equorum
873 3041 923 3078 non
953 3028 1065 3096 ungulis

149 3092 228 3145 modo
246 3093 349 3162 attritis,
368 3094 415 3146 sed
435 3094 586 3164 corporibus
603 3095 684 3147 etiam
702 3093 826 3163 fatigatis,
845 3095 919 3163 sequi
939 3095 1064 3167 plerique

149 3177 201 3214 non
221 3169 347 3233 poterant,
367 3171 394 3214 et
411 3165 505 3216 rarius⁴
523 3162 635 3218 subinde
653 3180 749 3231 agmen
767 3163 856 3233 fiebat,
876 3164 1014 3234 pudorem,
1034 3177 1063 3220 ut

178 3285 185 3309 ¹
199 3279 269 3328 ‘The
280 3279 346 3327 darts
358 3279 452 3326 thrown
463 3280 496 3338 by
507 3279 548 3326 the
559 3280 659 3340 anginas
675 3278 786 3340 glearned
797 3279 887 3334 (before
898 3273 962 3327 their
972 3284 1059 3342 ηοω]

175 3337 268 3396 ¹They
279 3337 356 3384 threw
368 3337 433 3384 asida
445 3352 518 3395 every
528 3337 597 3384 other
607 3353 690 3386 means
699 3337 727 3384 of
733 3338 841 3394 desence,
854 3353 881 3386 as
891 3338 986 3387 unsafe.

176 3399 186 3426 ⁸
198 3395 318 3455 ‘Foreign
324 3395 472 3444 destruction
480 3395 496 3450 ;'
508 3395 558 3442 that
567 3395 595 3450 is,
606 3395 646 3444 the
653 3395 801 3444 destruction
809 3396 920 3446 destined
926 3396 963 3446 ior
969 3397 1060 3450 others.

177 3457 186 3481 ⁴
199 3453 342 3510 ‘'l'hinner,’
355 3451 462 3512 opposed
472 3462 498 3499 to
508 3449 613 3500 dearum
