2264 3880
456 251 548 298 ursas
567 253 610 298 rx·
932 239 990 300 m.

82 377 182 434 perque
194 371 220 416 et
236 377 299 414 mea
315 361 342 414 in
353 377 401 414 res
418 369 445 414 et
462 362 488 413 in
507 377 552 414 me
564 371 653 416 vestra
670 363 771 432 merita,
783 361 882 432 qubus
899 362 992 422 instari

82 433 274 496 contendimus,
287 447 331 482 cro
342 447 501 499 quaesoque,
514 447 548 482 ne
560 429 736 486 humanarum
748 449 843 488 rerum
866 435 993 490 terminos

83 502 229 555 adeuntem
253 500 390 554 alumnum
415 499 678 571 commilitonemque
697 503 824 571 vestrum,
844 518 878 554 ne
901 502 991 560 dicata

83 587 181 640 regem,
201 570 338 622 deseratis.
374 569 469 622 Cetera
487 569 563 622 vobis
583 570 727 640 imperavi,
746 570 796 624 hoc
816 588 898 626 unum
918 572 990 628 debi-

82 651 156 694 turus
168 640 247 692 sum.l
283 640 317 692 Et
329 639 351 691 is
364 655 410 691 res
421 655 490 708 rogo,
503 639 549 708 qui
561 639 626 692 nihil
639 657 756 710 unquam
769 640 844 694 vobis
856 643 989 711 praecepi,

82 711 147 780 quin
165 710 267 778 primus
278 723 322 762 me
334 708 457 777 periculis
469 708 629 779 obtulerim,²
640 711 685 779 qui
703 726 783 830 saepe
801 711 888 764 aciem
905 710 939 764 oli
992 743 993 746 =

83 797 145 832 meo
156 779 209 832 texi
232 793 265 829 ne
278 778 436 846 infregeritis
448 778 473 830 in
486 777 610 831 manibus
629 779 698 836 meis
715 796 749 849 pa
762 796 841 848 marn,
853 795 908 848 qua
953 797 991 834 er·

84 848 174 900 culam
204 817 383 916 liberumque
407 847 521 915 Patrem,
546 848 567 903 si
591 848 690 906 invidia
714 847 838 918 abluerit,
862 849 990 917 aequabo.

84 918 151 970 Date
175 917 224 970 hoe
249 917 369 984 precibus
392 917 467 985 meis,
488 925 515 968 et
539 917 647 970 tandem
670 917 831 972 obstinatum
854 917 992 972 silentium

84 987 206 1056 rumpite.
242 985 294 1039 Ubi
311 993 352 1038 est
370 985 414 1038 illa
432 985 538 1054 elamor,
552 986 695 1041 alacritatis
706 995 811 1040 vestrae
829 987 929 1040 indsxl
946 987 992 1042 ubi

84 1055 130 1108 ille
146 1071 266 1108 macrum
279 1055 457 1108 Macedonum
471 1055 578 1108 vultus?
613 1057 673 1110 Non
690 1071 864 1124 agnosceres
884 1055 990 1126 milites,

84 1141 135 1178 nee
152 1124 259 1192 agnosci
273 1124 362 1176 videor
373 1141 390 1176 a
401 1124 484 1177 vobis.
519 1123 617 1178 Surdas
632 1125 792 1195 jamdudum
804 1142 883 1180 aures
900 1125 990 1196 pulso:

84 1211 192 1247 aversos
203 1194 306 1246 animos
317 1202 343 1245 et
356 1193 478 1246 infractos
490 1195 604 1247 excitare
616 1211 707 1248 coner„

124 1271 162 1316 tr.
180 1264 301 1332 Cumque
313 1263 351 1314 illi
364 1263 391 1316 in
403 1273 498 1316 terram
512 1263 635 1318 demissis
646 1264 778 1334 capitibus
795 1271 885 1318 tacere
904 1279 991 1334 perse·

84 1342 214 1400 sererent,
226 1331 323 1384 Nescio
336 1331 408 1402 quid,
421 1332 512 1402 inquit,
526 1332 552 1384 in
565 1349 612 1386 vos
628 1334 783 1404 imprudens
801 1334 907 1403 deliqui,
921 1335 992 1402 quod

84 1419 129 1455 me
142 1419 176 1454 ne
188 1402 282 1454 intueri
294 1403 403 1470 quidem
417 1401 501 1454 vultis.
539 1402 569 1455 In
587 1401 727 1456 solitudine
740 1402 807 1457 rnibi
819 1404 910 1458 videor
921 1420 991 1456 esse.

83 1471 172 1524 Nemo
186 1469 331 1540 respondet,
344 1487 423 1524 neme
442 1470 539 1522 saltem
558 1481 646 1540 neget.
681 1474 753 1531 Quos
772 1472 909 1542 alloquort
926 1471 991 1541 quid

84 1549 175 1594 autem
199 1539 318 1609 postulol
354 1541 476 1592 Vestram
495 1541 605 1608 gloriam
628 1551 655 1594 et
678 1543 890 1610 magnitudinem
908 1541 991 1594 viridi·

84 1610 198 1668 carnus.³
232 1609 284 1662 Ubi
308 1620 369 1662 sunt
392 1608 438 1676 illi,
460 1621 570 1677 quorum
595 1621 731 1664 certarnen
754 1611 832 1680 paulo
854 1619 916 1665 ante
937 1610 991 1664 ridi

84 1679 308 1747 contendentium,
322 1678 367 1747 qui
387 1677 554 1748 potissimum
570 1679 699 1733 vulnerati
713 1681 789 1748 regis
808 1697 902 1748 eorpus
921 1679 990 1734 ezei·

84 1749 208 1818 perentl⁴
233 1749 361 1815 desertus,
388 1747 530 1802 destitutus
553 1765 621 1816 sum,
646 1748 768 1802 hostibus
790 1748 903 1804 deditus.
939 1747 991 1803 Sed

84 1817 156 1872 solus
167 1833 271 1886 quoque
283 1817 321 1870 ire
334 1817 516 1884 perseverabo.
552 1816 665 1887 Objieite
685 1835 728 1870 rne
741 1818 895 1872 fluminibus
907 1827 934 1870 et
945 1817 991 1872 be·

84 1887 136 1939 luis
147 1895 174 1938 et
187 1886 240 1938 illis
250 1885 380 1953 gentibus,
390 1901 500 1952 quarum
515 1888 621 1939 nomina
633 1887 751 1940 horretis.
787 1887 931 1956 lucaniam,
944 1887 990 1956 qui

83 1956 218 2008 desertum
236 1972 258 2006 a
281 1953 355 2006 vobis
378 1957 549 2022 sequanturz⁵
571 1954 685 2024 Scythae
709 1955 891 2026 Bactrianique
915 1964 990 2009 eruut

85 2021 201 2090 mecum,
215 2023 304 2076 hostes
316 2022 394 2090 paulo
410 2032 480 2091 ante,
495 2041 564 2076 nunc
584 2025 683 2078 milites
703 2025 790 2078 nostri.
825 2025 895 2078 Meri
915 2041 989 2092 prae-

84 2101 143 2160 stat,
156 2109 237 2160 quarn
250 2091 376 2160 precario⁶
388 2091 574 2162 imperatorem
591 2109 660 2146 esse.
696 2095 736 2147 Ite
756 2094 866 2148 reduces
883 2093 989 2162 demosj

84 2161 122 2214 ite
133 2161 238 2217 deserto
251 2178 312 2228 rege
324 2170 442 2213 ovantes.
480 2163 536 2228 Ego
555 2163 599 2214 hic
618 2164 722 2222 euobis
742 2164 897 2233 desperatae
910 2163 989 2216 vieto·

85 2230 138 2284 riae
150 2239 195 2284 aut
208 2231 334 2284 honestae
347 2231 422 2282 morti
436 2231 524 2284 locum
537 2232 677 2285 inveniam.
714 2233 756 2286 Ne
767 2232 807 2284 sic
818 2233 928 2302 quidem
940 2231 988 2286 ulli

84 2299 198 2354 militum
212 2317 263 2352 vox
281 2300 391 2370 exprimi
412 2301 505 2369 putuit.
541 2301 732 2370 Expectabant,
745 2311 775 2355 ut
794 2302 881 2354 duces
896 2303 989 2371 princi·

84 2385 185 2438 pesque
204 2369 239 2422 ad
258 2385 349 2436 regern
368 2369 521 2438 perferrent,
541 2371 694 2424 vulneribus
713 2380 740 2424 et
760 2373 882 2426 continuo
900 2371 989 2425 labore

83 2437 193 2492 militiae
216 2438 339 2506 fatigatos
358 2457 408 2490 non
429 2440 576 2493 detrectare
595 2441 705 2506 ιιιιιιιία,τ
723 2440 769 2493 sed
790 2441 920 2494 sustinere
937 2457 988 2494 neu

119 2525 170 2560 sse.
205 2509 328 2562 Ceterum
346 2507 385 2560 illi
396 2518 470 2562 metu
488 2510 588 2562 attoniti
609 2510 635 2562 in
656 2518 750 2562 terram
770 2526 816 2562 ora
833 2509 987 2564 defixerant.

83 2523 165 2645 {itur
189 2578 273 2648 prime
298 2577 431 2630 fremitus-⁸
450 2595 499 2632 sua
517 2588 617 2648 sponte,
635 2579 732 2633 deiude
750 2580 866 2646 gemitus
883 2595 988 2648 quoque

83 2699 257 2760 consequently
268 2699 319 2746 that
330 2701 436 2760 scopulo
452 2698 472 2746 is
488 2715 633 2759 necessary3
651 2700 694 2747 but
711 2699 752 2768 the
769 2716 809 2746 aas
827 2698 847 2746 is
864 2698 888 2746 in
903 2698 987 2768 reality

82 2757 800 2878 tedred,''tatrh‘ttttatlthtrtel'lltlt‘
813 2755 987 2876 ‘lislttpt

83 2876 96 2927 ς
107 2879 194 3004 iiber
203 2935 252 2983 this
262 2951 308 2985 one
319 2935 388 2996 thing
398 2935 411 2984 1
421 2934 485 2982 slrall
495 2949 547 2982 owe
564 2947 611 2994 you
628 2933 735 2990 tlranlrs,’
748 2934 814 2984 since
830 2949 879 2996 pou
890 2934 941 2984 will
956 2936 985 2987 be

80 2993 134 3082 ἤι’
165 2994 333 3112 ¹iili‹nauialiiiiiig
344 3053 384 3100 the
395 3051 447 3102 first
459 3061 484 3100 to
494 3067 583 3112 exposa
594 3051 687 3112 myseli
698 3062 723 3100 tc
734 3052 775 3102 the
786 3051 905 3114 daugma!
938 3053 985 3106 See

83 3111 190 3216 an‘rqvq
198 3114 258 3224 (ilii
266 3121 322 3224 qgtq
331 3113 378 3218 ind
388 3170 457 3218 those
469 3169 629 3218 like-minded
638 3169 698 3218 with
706 3169 855 3225 metresolre
862 3169 983 3222 raonem·

34 3271 40 3286 .
107 3233 181 3284 ‘The
192 3243 259 3292 story
269 3233 290 3280 is
301 3242 326 3280 tc
336 3235 367 3282 be
378 3233 451 3283 leand
462 3234 488 3280 in
499 3234 539 3281 vii.
551 3238 587 3282 25.

109 3295 174 3345 'For
184 3295 233 3343 this
243 3295 405 3355 subjunctive.
418 3311 459 3344 see
472 3296 551 3344 Grani.
564 3296 577 3348 i
589 3301 640 3354 360,
653 3301 675 3346 l.

106 3361 168 3411 ’'An
179 3360 277 3416 adverb,
292 3361 339 3420 ‘by
350 3376 434 3412 means
443 3361 472 3415 cs
484 3362 625 3410 turcarias!

107 3424 187 3473 ''Did
198 3435 240 3473 not
251 3423 330 3480 refusa
342 3434 368 3474 to
379 3425 491 3474 continue
502 3426 565 3476 their
575 3426 685 3476 service?

106 3487 244 3544 wrm-'rar
260 3487 281 3538 is
299 3492 329 3536 ‘a
341 3487 460 3538 confused
476 3489 588 3550 ratkhffi’
606 3489 678 3540 when
693 3503 767 3550 many
781 3488 858 3550 speslr
873 3497 898 3539 at
912 3503 980 3550 once,
