2314 3886
460 261 553 306 arasa
571 262 636 307 rur.
720 277 725 288 ·
940 251 1000 314 26⁶

92 372 181 440 mis,
193 371 347 426 transibant.
382 369 423 426 lbi
444 369 515 428 levis
534 370 634 439 proelis
650 371 874 441 oouserebsntur,¹
885 381 913 428 et
931 382 1001 428 uter·

92 459 144 511 que
165 459 212 494 rex
231 458 330 512 parrae
349 440 387 494 rei
404 439 556 494 discrimine
576 455 700 494 summae
720 442 904 511 experiebatur
921 459 1001 498 even·

93 518 158 564 tum,
201 512 326 564 Ceterum
349 510 376 562 in
398 508 580 562 Macedonum
604 510 723 565 exercitu
750 512 897 564 temeritate
920 524 946 566 at
968 530 1002 568 ue

92 579 203 632 andacia
231 579 349 648 insignes
376 577 451 632 fuere
467 577 660 648 -Symmaohus
684 589 715 639 ot
746 580 867 650 Nicanor,
899 531 1002 636 nobiles

91 648 209 719 juvenes,
223 659 249 702 et
261 657 388 718 perpetua
400 647 514 717 partium
527 647 659 706 felicitate¹
674 647 708 702 ad
727 652 905 719 spernendum
922 667 1001 706 omne

127 717 240 770 ticulum
265 718 381 770 accensi.
424 717 491 776 Quis
514 717 637 771 ducibus²
659 719 847 788 promptissimi
872 719 1021 789 juvenum¹

102 787 192 840 anesis
209 786 288 840 modo
304 786 401 840 armati
419 795 590 841 transnavere
608 788 634 842 in
646 787 769 857 insulam,
783 804 864 856 quam
877 789 1003 857 frequens

92 856 175 910 bostis
195 855 318 924 terrebat3
340 855 495 924 multosque
514 857 648 926 Indorum,
667 857 742 910 nulla
757 857 904 911 remelius
920 875 1003 927 quarn

90 925 203 978 audacia
222 927 324 994 armati,
346 925 561 980 interemerunt.'
580 925 662 980 Abire
685 942 747 980 oum
769 925 851 994 gloria
874 936 1001 997 poterant,

91 995 114 1048 si
127 1009 243 1064 unquam
256 994 391 1048 temeritas
403 995 470 1048 felix
480 996 610 1051 inveniret
621 995 747 1064 modum,
765 995 812 1048 serl
831 995 896 1050 dum
914 1013 1002 1066 super·

92 1065 231 1118 venientes
248 1064 422 1133 oontemptim
439 1073 467 1117 et
485 1063 599 1134 superbe
612 1081 717 1144 quoqne
729 1081 763 1118 ex
798 1072 879 1136 etant,
892 1066 1003 1118 eircum-

91 1134 164 1186 venti
182 1133 217 1186 ab
234 1133 282 1203 his,
295 1133 339 1201 qui
351 1133 447 1188 oooulti
459 1143 611 1204 enarerant,
624 1150 762 1190 emrnnso
783 1135 832 1187 ruti
854 1134 915 1188 telis
932 1143 1002 1188 sunt.

91 1202 142 1260 Qui
162 1201 310 1270 effugerent
333 1201 438 1258 hostem
460 1211 508 1256 aut
530 1204 632 1272 impetu
655 1203 744 1258 amnis
765 1203 850 1258 ablati
869 1212 1003 1274 sunt,ant

90 1272 237 1326 vertieibus
249 1271 376 1341 impliciti.
928 1317 930 1322 .

125 1347 168 1394 46.
187 1341 280 1410 quue
306 1357 394 1410 pugne
418 1341 534 1396 multum
557 1341 617 1394 Pori
640 1341 768 1396 fiduciam
792 1342 884 1413 erexit,
907 1351 1003 1398 eunota

90 1411 224 1464 cernentis
241 1427 256 1464 e
276 1411 340 1480 ripa.
376 1410 537 1480 Alexander,
556 1413 633 1481 ineps
649 1411 771 1481 consilii,³
782 1413 891 1466 tandem
907 1412 942 1465 ad
955 1412 1002 1466 sal·

90 1479 200 1532 lendum
229 1480 334 1534 hostem
362 1479 442 1537 talem
464 1480 563 1534 dolum
592 1481 725 1535 intendit.⁴
766 1483 830 1536 Erat
859 1482 946 1536 insula
975 1482 1003 1536 iu
1051 1521 1054 1536 .

91 1548 200 1602 flumine
214 1549 325 1618 amplior
336 1549 441 1618 ueteris,
454 1551 583 1604 silvestris
599 1550 696 1604 eadem
714 1558 741 1603 et
760 1551 882 1619 tegendis
899 1551 1003 1606 insidiis

89 1627 158 1687 apta
197 1617 279 1671 Fossa
291 1635 396 1688 qnoque
406 1619 526 1687 praealta
537 1618 608 1672 haud
622 1617 711 1688 prooul
723 1618 787 1688 ripa,
800 1637 882 1688 quam
894 1621 1003 1676 tenebat

90 1689 155 1757 ipae,
174 1705 224 1740 non
245 1688 349 1757 pedites
368 1687 455 1758 modo,
474 1687 521 1740 sed
540 1688 624 1740 etiam
643 1704 706 1741 enm
724 1689 802 1757 equis
813 1689 882 1742 viros
900 1698 1003 1758 poterat

88 1757 263 1810 abscondere.
301 1757 385 1826 Igitur
396 1764 426 1810 ut
437 1772 453 1809 a
465 1756 679 1826 custodiahujns
687 1758 900 1827 opportunitatis⁶
911 1758 1003 1810 oeulos

89 1825 204 1880 hostium
224 1834 355 1880 averteret
383 1825 567 1880 Ptolemaeum
585 1826 708 1880 omnibus
727 1827 821 1882 turmis
838 1827 1003 1896 obequitare⁸

87 1894 167 1964 jussit
186 1895 279 1966 prooul
295 1865 389 1964 insula,
402 1904 430 1948 et
447 1895 563 1950 subinde
581 1894 660 1950 lndns
676 1895 793 1950 elamore
806 1905 912 1966 terrere,
925 1896 1001 1966 qnasi

89 1964 190 2018 flumen
210 1973 391 2019 transnaturus
408 1963 484 2018 foret.
520 1964 571 2018 Per
588 1963 815 2035 compluresdies
832 1964 1002 2019 Ptolemaeus

89 2033 116 2085 id
129 2032 200 2102 feeit,
213 2047 299 2102 eoque
317 2032 425 2088 oonsilio
442 2033 539 2088 Porum
551 2049 657 2102 qnoque
669 2051 768 2102 agmen
784 2051 864 2090 suum
882 2034 908 2087 ei
926 2035 1000 2105 parti,

89 2117 170 2172 qnam
188 2119 217 2154 se
235 2111 327 2172 petere
339 2102 492 2172 simulabat,
502 2101 589 2170 optigit
599 2102 747 2158 advertere.
782 2104 843 2158 Jam
855 2112 930 2158 entra
941 2121 1002 2158 oon·

89 2177 212 2240 speotnm
223 2169 307 2224 hostis
319 2170 405 2224 insula
416 2180 481 2226 erat.
518 2170 671 2226 Alexander
684 2173 711 2227 in
722 2172 828 2228 diversa
840 2182 914 2253 parte
928 2174 1001 2243 ripae

89 2240 169 2294 statui
182 2255 261 2294 suum
274 2239 473 2294 tabemaenlum
484 2240 570 2312 jussit,
579 2249 768 2312 assuetamque
779 2243 901 2300 eomrrari
912 2245 1000 2312 ipsum

88 2310 225 2363 eohortem
241 2317 303 2362 anta
322 2308 350 2364 id
368 2309 569 2365 tabarnaeutum
580 2319 659 2381 stare,
672 2319 700 2364 et
715 2329 824 2368 omnem
843 2322 1000 2384 apparatum

89 2379 177 2448 regine
201 2379 415 2446 magnifiaentiaa
439 2379 556 2434 hostium
574 2379 660 2436 oeulis
678 2380 713 2434 de
735 2381 866 2436 industrie
886 2382 999 2436 ostendi.

88 2448 208 2502 Attalum
221 2448 311 2517 etism,
323 2448 467 2518 aequalem
478 2449 537 2516 sibi,
550 2457 577 2502 et
594 2449 668 2504 haud
686 2449 819 2520 disparem
838 2451 931 2506 babitu
948 2453 1001 2505 oris

87 2528 116 2572 et
127 2518 248 2597 eorporis,
262 2518 353 2588 utique
368 2535 431 2572 oum
449 2517 539 2587 pronul
551 2519 686 2588 viseretur,
700 2529 775 2574 veste
793 2521 866 2589 regia
883 2531 998 2591 exornat,

87 2587 268 2657 praebitumm
279 2587 419 2656 spaniami
453 2603 499 2640 um
510 2603 601 2655 regem
620 2588 658 2641 illi
677 2589 751 2658 ripae
766 2589 938 2659 praesidere,⁷
950 2607 1000 2644 neo

86 2657 187 2726 agitare
208 2656 242 2709 de
263 2656 383 2710 transitu.
445 2655 506 2724 ujus
524 2656 626 2712 consilii
644 2657 772 2712 effaetum
795 2659 879 2728 primo
899 2668 1000 2712 morata

88 2734 235 2794 tempestas
253 2733 302 2795 est,
321 2740 385 2778 mox
402 2724 514 2795 adjuvit,
535 2725 704 2781 incommoda
723 2743 829 2796 quoque
855 2727 890 2780 ad
915 2728 998 2784 bonos

116 2861 124 2884 ¹
137 2856 302 2925 ‘Skirmishes
312 2871 378 2906 wera
389 2856 499 2962 inffissssffl
510 2856 551 2920 in'
605 2905 607 2908 .

115 2919 125 3002 ἰ
136 2913 424 3024 :girisheiieetlltiiiuih‘iirn
433 2915 511 3022 effi,
523 2974 544 3022 is
563 2973 593 3022 he
602 2972 650 3023 had
661 2974 700 3023 lon
728 2976 790 3024 been
799 2975 887 3024 unable
897 2985 921 3024 to
930 2989 998 3026 nome

86 3032 360 3138 tota‘nfidetermination
368 2990 396 3082 gs
404 3010 476 3102 to'his
485 3009 556 3102 mode
563 3033 591 3081 oi
598 2991 752 3102 preceding,
762 3036 805 3104 but
814 3043 838 3082 at
848 3035 939 3095 length,
950 3035 997 3116 dno,

86 3091 987 3240 nna{iliiliiihiiss’riiidrllessllssl‘¹¹⁶s⁰¹¹⁰⁹²¹¹¹³⁹“⁸‘⁸³⁰¹“·

114 3274 124 3298 ·
137 3207 647 3328 ⁶{gudilaesolirnogrliresnllteairtkcrlrrfmllnenrnilrcei:
660 3270 720 3322 with
732 3270 765 3322 all
775 3271 817 3321 the
827 3281 908 3330 troops
918 3270 947 3319 ol
958 3286 997 3320 aa·

85 3325 163 3396 valry,
177 3325 330 3396 tirrentaning
341 3325 381 3374 the
392 3329 497 3388 enemy.’
523 3327 579 3397 Tire
588 3327 689 3397 idessnf
699 3336 704 3356 ¹
713 3330 803 3392 along,'
817 3330 863 3379 arrd
876 3330 997 3390 ‘against'

85 3399 125 3456 are
137 3385 236 3494 rffrlplred
247 3387 314 3434 mab.
346 3387 421 3434 Aeto
432 3387 473 3435 the
483 3387 590 3482 eblatrve
601 3387 696 3437 instead
706 3388 734 3438 of
745 3405 804 3448 mm,
818 3401 929 3448 compare
943 3397 999 3462 note

85 3461 140 3533 ”¹¹¹3
150 3504 212 3554 Was
223 3503 358 3566 oeeupyiug
368 3503 422 3554 that
432 3513 486 3566 part
497 3504 525 3554 oi
532 3505 574 3556 tha
584 3505 668 3556 bank!
