2314 3886
466 263 557 302 arasa
577 263 629 302 vn.
949 243 1004 302 197

94 381 148 428 tatu
160 371 288 441 barbaris,
299 389 378 442 quarn
388 371 582 426 Macedonibus
593 381 697 440 gratum
710 371 900 441 spectaculum.
931 370 1003 424 Tum

94 444 266 513 Spitamenes,
282 445 315 496 Et
335 451 368 510 te,
383 443 475 510 inquit,
490 453 516 493 et
537 443 661 510 Dareum,
676 459 751 509 reges
771 459 853 511 meos,
871 442 949 508 ultus,
963 440 1003 492 iu·

7 551 8 560 ,
95 513 262 565 terfectoram
278 511 377 564 domini
396 511 435 563 sui
453 511 559 578 adduxi,
573 528 605 562 eo
624 511 701 563 modo
719 520 835 580 captum,
848 510 924 580 cujus
944 512 1002 578 ipse

7 565 9 656 ζ
94 583 159 634 lecit
177 582 339 650 exemplum.
371 581 486 701 ¹Aperiat
505 581 614 660 adhoc
637 581 819 659 spectaculum
843 580 1002 658 oculosus-

7 705 8 724 ,
95 669 163 704 reus.
201 652 302 705 Existat
314 651 349 703 ab
369 667 395 702 rn
409 667 467 717 ens,
481 667 526 718 qur
548 650 591 701 rllo
612 650 742 719 supplicio
763 649 885 716 rudrgnus
905 649 961 716 furt,
976 655 1003 700 et

7 765 9 778 t
94 721 145 774 hoc
163 721 253 773 solatio
266 720 362 788 dignus
375 730 424 771 est.
461 719 619 788 Alexander,
634 718 746 799 multum
760 718 906 770 collaudato
919 719 1002 786 Spita·

94 807 182 860 mene,
196 807 340 842 conversus
351 788 385 841 ad
399 789 518 857 bessum,
531 790 618 858 CujuS,
633 789 726 858 lnquit,
740 788 812 840 ferae
827 789 913 840 rabies
924 804 1002 841 oocu-

94 861 166 938 parit
178 860 295 912 animum
309 869 392 926 tuum,
406 876 467 910 curn
482 876 572 926 regern
584 859 618 910 de
637 867 663 910 te
681 859 781 926 optime
794 859 919 910 meritum
931 859 1004 926 prius

7 975 9 992 ,
96 930 203 998 vincrre,
223 929 319 980 deinde
344 929 465 981 occidere
490 929 656 980 sustinuistil
691 927 742 980 Sed
767 927 848 997 hujus
871 925 1002 996 parricidii

7 993 9 1056 ἷ
95 999 250 1051 mercedem
268 998 335 1050 salso
355 1001 424 1066 regis
444 999 550 1050 nornine
570 998 734 1066 persolvisti.¹
772 998 810 1050 lbi
830 996 874 1049 ille
898 995 1004 1048 facinus

7 1057 9 1078 ¹
95 1086 206 1138 purgare
220 1085 270 1120 non
283 1085 369 1135 ausus,
386 1069 453 1135 regis
471 1069 577 1120 titulum
595 1085 624 1118 se
643 1069 779 1136 usurpare²
797 1068 871 1134 dixit,
893 1076 921 1118 ut
940 1083 1003 1134 gen·

96 1150 150 1190 tem
164 1155 238 1189 suam
253 1138 356 1189 tradere
375 1138 424 1206 ipsi
443 1139 539 1206 possit:
558 1138 603 1205 qui
623 1137 643 1188 si
663 1139 801 1200 cessarset,s
818 1136 902 1188 alium
921 1135 1003 1188 fuisso

7 1207 8 1220 ¹
96 1223 208 1274 ragnum
238 1216 435 1276 occupaturum.
480 1207 513 1259 Et
542 1205 694 1259 Alexander
722 1201 863 1274 Oxalhren,
895 1206 1002 1258 fratrem

7 1255 9 1344 Ξ
98 1277 183 1344 Darei,
203 1294 284 1346 quem
303 1279 369 1328 inter
387 1277 501 1345 corporis
519 1277 642 1329 custodes
661 1274 784 1344 habebat,
805 1277 911 1346 propius
927 1275 1004 1344 jussit

7 1347 9 1360 '
95 1347 373 1416 acoodere,tradique
398 1349 507 1400 Bessum
533 1347 565 1414 ei,
592 1355 619 1398 ut
644 1349 715 1398 cruci
739 1347 850 1399 affixum
875 1346 1005 1399 mutilatis

95 1416 201 1468 auribus
221 1415 378 1485 naribusque
400 1417 501 1484 sagittis
522 1417 682 1484 configerent
701 1417 812 1484 barbari,
826 1425 1004 1468 asservarent·

7 1539 8 1554 ,
96 1502 149 1552 que
161 1502 261 1555 corpus
272 1497 343 1537 utne
356 1503 420 1538 aves
431 1486 541 1556 quidem
553 1487 743 1554 contingerent.
773 1485 903 1539 Oxathres
915 1495 1005 1538 cetera

7 1561 9 1626 ζ
96 1555 144 1608 sibi
158 1573 237 1607 curae
251 1555 307 1607 sore
324 1556 475 1625 pollicetur:
496 1574 560 1608 aves
578 1573 628 1608 non
647 1555 682 1608 ab
699 1557 759 1624 alio,
773 1573 853 1624 quam
867 1572 884 1606 a
896 1556 1003 1623 Catane,

7 1629 9 1640 ’
96 1641 172 1694 posse
193 1625 323 1695 prohiberi
343 1625 442 1694 adjicit,
463 1626 589 1679 eximiam
609 1625 667 1695 ejus
684 1637 768 1677 artem
787 1627 898 1694 cupiens
916 1635 1002 1686 osten·

95 1695 175 1747 dere:
197 1713 312 1765 namque
332 1697 399 1748 adeo
420 1706 490 1747 certo
511 1696 565 1748 ictu
586 1695 728 1748 destinata*
751 1695 869 1762 leriebat,
891 1702 920 1746 ut
939 1709 1005 1746 aves

94 1782 200 1835 quoque
220 1767 373 1834 exciperet.⁶
408 1767 478 1818 Nam
498 1767 520 1816 si
540 1765 648 1817 forsitan
668 1764 808 1834 sagittandi
830 1774 885 1817 tarn
905 1763 1005 1816 celebri

7 1841 8 1906 ζ
96 1851 144 1886 usu
165 1835 253 1886 rninus
270 1834 434 1886 admirabilis
450 1834 532 1886 rideri
551 1851 593 1885 ars
611 1833 678 1886 haec
698 1834 796 1904 ροεείῑ,ε
809 1844 898 1887 tarr-ren
912 1834 1005 1902 ingens

7 1907 8 1966 j
95 1904 244 1956 visentibus
261 1903 426 1971 miraculum,
447 1920 595 1972 magnoque
613 1902 702 1956 honori
723 1905 815 1956 Catani
837 1904 893 1955 luit.
930 1903 1005 1956 Dona

7 1985 8 2042 j
95 1972 192 2023 deinde
212 1971 342 2040 omnibus,
360 1973 404 2050 qui
424 1973 533 2025 Bessum
553 1972 726 2039 adduxerant,
743 1973 805 2025 data
823 1981 892 2025 sunt.
929 1973 1005 2026 Cete-

7 2085 8 2092 ,
95 2057 152 2093 rum
173 2040 330 2110 supplicium
350 2059 408 2111 ejus
427 2042 534 2110 distulit,
548 2050 576 2093 ut
589 2059 620 2093 eo
633 2042 697 2112 loco,
711 2043 736 2094 in
750 2057 801 2111 quo
819 2043 934 2094 Dareum
947 2044 1005 2111 ipse

7 2109 8 2154 ἓ
94 2110 237 2179 occiderat,
250 2119 396 2164 necaretur.

7 2217 8 2232 t
130 2185 170 2233 25.
190 2181 293 2233 Interea
305 2180 476 2256 Macedones,
489 2181 521 2233 ad
536 2180 680 2250 petendum
693 2181 819 2252 pabulum
833 2181 1005 2250 incomposito

7 2267 8 2294 t
94 2251 200 2318 agmine
219 2251 326 2318 egressi,
339 2267 355 2302 a
367 2251 490 2322 barbaris,
504 2251 547 2320 qui
566 2249 599 2303 de
618 2252 743 2321 proximis
763 2251 894 2304 montibus
913 2252 1004 2304 decur-

95 2330 190 2390 rerunt,
203 2321 392 2390 opprimuntur,
410 2321 549 2390 pluresque
565 2323 635 2391 capti
653 2332 713 2374 sunt
732 2339 812 2391 quam
830 2321 927 2374 occisi:
947 2321 1004 2374 bar-

7 2443 9 2462 ,
93 2391 150 2444 bari
173 2397 263 2442 autern
298 2391 415 2460 captivos
438 2407 502 2460 praa
526 2409 554 2442 se
578 2401 696 2462 agentes,
724 2409 811 2444 rursus
835 2392 862 2444 in
886 2401 1004 2445 montem

7 2463 9 2532 ζ
93 2468 267 2513 recesserunt.
304 2461 351 2512 XX
370 2461 442 2512 milia
460 2460 695 2514 latronum⁷erant
733 2461 834 2514 Fundis
847 2461 1005 2530 sagittisque

123 2568 130 2589 ¹
141 2567 147 2588 ‘
158 2561 231 2630 Thou
242 2561 433 2630 hastlbestowed
449 2578 512 2621 upon
524 2563 616 2622 thysell
624 2565 744 2625 (properly
758 2561 846 2624 ‘'paid’)
858 2565 898 2612 the
910 2565 1004 2613 reward

92 2620 121 2668 os
133 2621 182 2668 thrs
193 2620 289 2668 murder
300 2637 324 2668 rn
336 2620 375 2668 the
388 2620 446 2668 salse
459 2637 527 2668 name
539 2622 567 2668 ol
580 2623 654 2682 king!

105 2679 221 2787 hl‘Tppt
240 2679 270 2727 he
288 2679 401 2726 assumed
417 2679 464 2726 aud
482 2680 552 2727 made
570 2697 612 2728 use
632 2682 660 2728 ol
678 2683 718 2730 the
740 2683 793 2730 title
814 2682 842 2730 ol
860 2681 926 2742 king,
946 2682 1004 2743 only

93 2739 164 2792 tat.’
207 2754 227 2785 c.

122 2797 285 2855 ³l.⁴lqnivalent
293 2807 318 2844 to
327 2814 381 2844 nom
389 2798 412 2844 ri
421 2798 469 2858 ipae
477 2807 596 2847 cessasset.
626 2797 680 2846 The
690 2800 790 2847 relative
799 2802 841 2860 qai
849 2817 905 2852 may
913 2801 1004 2864 belong

93 2866 127 2922 to,
141 2855 187 2903 and
198 2856 258 2904 have
270 2857 302 2905 its
313 2857 371 2904 verb
383 2857 407 2903 in
423 2856 501 2905 either
518 2857 558 2904 the
578 2857 629 2906 first
648 2873 674 2905 or
691 2859 790 2913 second,
803 2875 830 2907 as
841 2851 898 2908 well
916 2876 942 2908 as
961 2861 1002 2910 tlte

94 2913 156 2960 third
183 2930 262 2964 erson.
295 2915 358 2963 Here
371 2913 436 2963 what
453 2917 473 2964 is
490 2917 529 2963 tlrc
547 2916 609 2964 third
626 2931 713 2976 person
729 2918 752 2964 in
769 2919 810 2966 the
825 2922 1003 2982 crotioobliqac

93 2971 158 3019 wool
186 2973 246 3021 have
257 2975 319 3022 beon
330 2975 371 3022 the
382 2975 434 3022 first
446 2975 471 3023 in
482 2975 522 3023 the
534 2975 610 3024 direct
627 2977 714 3034 speech
724 2992 730 3033 ;
751 2977 801 3024 ‘for
810 2977 837 3025 'is
849 2977 861 3025 1
876 2977 924 3026 had
940 2981 1002 3028 beau

92 3031 318 3138 dilatopyfiapuppher
328 3032 409 3139 wpuld
422 3036 483 3141 haye
494 3035 575 3083 seized
587 3035 627 3083 the
639 3038 814 3096 government.'

288 3109 337 3140 was
359 3110 474 3142 canna.

122 3157 130 3181 ¹
143 3149 222 3196 ‘That
233 3151 263 3206 is,
276 3150 306 3198 ho
318 3152 388 3201 could
400 3153 468 3213 bring
479 3153 551 3201 down
561 3153 627 3201 birds
637 3154 708 3204 when
718 3170 749 3203 on
760 3155 801 3203 the
812 3155 894 3217 wing!

103 3267 107 3277 Ι
120 3213 129 3238 ⁸
143 3208 284 3270 ‘Although
295 3211 405 3279 perhaps,
419 3212 570 3274 considering
582 3214 622 3260 the
633 3213 742 3272 frequent
753 3215 857 3273 practice
868 3215 896 3262 of
902 3216 1003 3277 archery

93 3275 125 3323 (m
137 3267 206 3316 those
218 3267 295 3328 days),
309 3269 357 3317 thrs
368 3270 425 3317 slull
437 3286 492 3330 may
503 3288 570 3320 seem
582 3272 631 3320 less
642 3273 839 3334 extraordinary!
872 3274 909 3330 Si,
923 3291 949 3323 as
962 3276 1003 3322 the

91 3337 149 3376 next
161 3327 242 3376 clause
254 3328 274 3376 is
286 3328 426 3379 introduced
437 3331 469 3388 by
480 3339 565 3385 tamen.
579 3331 649 3379 takes
660 3332 701 3379 the
712 3348 783 3380 senso
795 3333 823 3380 of
835 3335 887 3380 etsi.

120 3385 202 3435 'This
219 3387 240 3436 is
256 3386 297 3436 the
314 3398 375 3436 term
391 3387 482 3448 always
499 3389 593 3449 applied
612 3391 636 3437 in
655 3390 751 3439 Roman
766 3391 866 3439 warsare
882 3399 909 3438 to
923 3391 1003 3440 rebels

7 3459 8 3479 r
91 3445 146 3495 who
163 3446 247 3508 fought
259 3448 361 3496 without
372 3463 419 3508 any
430 3447 525 3508 regular
535 3457 645 3522 system
663 3449 704 3498 the
715 3449 811 3498 Fronch
825 3449 962 3510 ‘brigands’
976 3466 1003 3501 or

91 3503 195 3566 spinas
208 3507 353 3570 *guorrnar
383 3525 385 3534 ι
