2438 3886
143 207 182 262 62
409 220 448 262 aa
472 219 579 261 casura
601 221 786 263 anaxanoar.

141 329 255 400 navigia,
274 331 372 401 quibus
388 329 528 384 occultatis
545 329 640 384 Sidona
658 330 764 384 devecti
783 338 853 384 sunt.
889 327 1053 390 Quindecim

141 401 216 454 milia
235 400 285 454 hoo
305 401 372 454 furto
393 400 523 453 subducta
536 401 663 452 saevitiae
676 410 745 454 sunt.
781 400 971 469 Quantumque
992 417 1054 452 san·

141 471 229 540 guinis
249 471 337 524 susum
362 471 404 540 sit,
426 470 469 522 vel
494 485 528 522 ex
550 469 601 522 hoc
623 471 757 522 aestimari
775 479 869 540 potest,
890 469 958 538 quod
983 470 1054 522 intra

141 541 309 594 munimenta
339 540 412 593 urbis
443 557 491 592 sex
521 539 594 592 milia
624 551 786 592 armatorum
818 540 948 593 trucidata
979 548 1052 592 sunt.

141 610 229 663 Triste
240 609 337 663 deinde
349 610 531 679 spectaculum
544 609 687 662 victoribus
700 611 737 662 ira
750 609 870 678 praebuit
884 611 961 677 regis.
991 609 1054 662 Duo

141 679 223 748 milia,
237 680 264 733 iu
281 680 376 750 quibus
393 679 546 732 occidendis
558 677 693 730 defecerat
713 679 817 745 rabies,¹
835 679 959 732 crucibus
976 679 1053 732 affixi

160 765 189 801 er
209 749 302 818 ingens
321 750 404 802 litoris
424 750 538 818 spatium
562 747 753 818 pependerunt.
790 749 1052 816 Carthaginiensium

141 765 236 886 hagatis
248 821 373 889 pepercit,
386 818 476 873 addita
489 817 687 872 denuntiatione
700 817 771 888 belli,
785 819 855 888 quod
864 819 1051 888 praesentium

141 904 229 942 rerum
241 890 387 943 necessitas
399 897 551 942 moraretur.

177 963 217 1011 20.
236 959 321 1030 Tyros
340 960 454 1028 septimo
477 974 578 1026 meuse,
600 959 692 1027 quaml
710 958 854 1028 oppugnari
872 967 966 1028 coepta
984 965 1051 1028 erat,
1098 989 1100 992 -

140 1037 218 1098 capta
230 1038 278 1097 est,
291 1028 355 1082 urbs
371 1037 399 1081 et
416 1035 548 1082 vetustate
561 1027 669 1094 originis
686 1037 713 1080 et
731 1028 822 1081 crebra
834 1028 954 1081 fortunae
966 1029 1052 1081 varie·

141 1106 196 1150 tate
208 1097 412 1151 admemoriam
425 1097 584 1167 posteritatis
602 1097 720 1166 insignis.
757 1097 869 1150 Condita
880 1097 915 1150 ab
927 1101 1051 1166 Agenore

140 1167 186 1221 diu
205 1184 287 1239 mare,
301 1184 352 1221 non
370 1167 487 1221 vicinum
505 1167 591 1238 modo,
612 1168 659 1220 scd
678 1167 855 1237 quodcunque
873 1167 973 1221 classes
991 1167 1052 1238 ejus

140 1237 269 1308 adierunt,
283 1237 395 1291 dicionis
407 1254 470 1290 suae
482 1237 559 1290 fecit.
592 1238 625 1290 Et
638 1239 660 1290 si
673 1237 762 1290 famae
774 1236 839 1291 libet
851 1237 968 1306 credere,
982 1238 1051 1292 haec

140 1323 207 1375 gens
226 1306 328 1360 litteras
365 1307 430 1360 rima
448 1315 493 1359 aut
511 1307 606 1376 docuit,
627 1315 672 1359 aut
690 1305 792 1360 didicit.
829 1307 953 1360 Coloniae
977 1319 1050 1362 certe

141 1375 201 1444 ejus
219 1393 305 1446 paene
323 1325 386 1431 orbe
404 1385 457 1429 toto
474 1376 589 1430 diffusae
610 1386 685 1430 sunt:
711 1375 841 1444 Carthago
859 1377 886 1429 in
904 1376 1003 1448 Africa,
1023 1379 1050 1432 in

142 1443 251 1498 Boeotia
274 1447 393 1516 Thebae,
412 1446 502 1500 Gades
524 1447 558 1499 ad
582 1447 739 1500 Oceanum.³
773 1445 857 1498 Credo
878 1446 959 1500 libero
978 1465 1053 1501 com··

140 1517 273 1568 meantes*
283 1517 349 1568 mari
362 1517 521 1586 saepiusque
539 1515 661 1568 adeundo
679 1517 776 1568 ceteris
793 1515 941 1584 incognitas
959 1526 1049 1587 terras,

140 1583 183 1636 ele
202 1585 255 1637 isse
276 1585 354 1637 sedes
376 1585 589 1655 juventutique
611 1594 674 1638 tunc
697 1584 884 1638 abundabant:
909 1587 965 1640 sive
989 1588 1051 1656 quia

140 1601 239 1706 crebris
258 1655 374 1708 motibus
394 1663 486 1725 terrae,
508 1671 570 1708 narn
595 1655 646 1708 hoc
669 1671 774 1724 quoque
798 1655 915 1726 traditur,
937 1657 1052 1709 cultores

139 1722 199 1792 ejus
216 1723 329 1793 fatigati,
339 1739 407 1777 nova
424 1733 451 1776 et
469 1735 578 1778 externa
595 1725 728 1778 domicilia
746 1725 828 1777 armis
845 1725 953 1779 sibimet
971 1743 1051 1796 quae-

140 1809 198 1846 rere
222 1793 392 1863 cogebantur.
440 1793 535 1847 Multis
558 1811 621 1863 ergo
644 1793 752 1846 casibus
775 1793 922 1864 deiuncta,⁶
944 1805 971 1848 et
994 1805 1051 1866 post

139 1863 277 1917 excidium
296 1873 395 1934 renata,
414 1881 485 1916 nunc
503 1874 592 1918 tamen
611 1862 688 1932 longa
706 1879 772 1933 pace
792 1873 888 1918 cuncta
906 1865 1051 1936 refovente,

140 1933 190 1986 sub
202 1935 286 1986 tutela
297 1935 433 1988 Romanae
445 1935 656 1988 mansuetudinis
667 1933 822 2002 acquiescit.

175 2008 216 2056 21.
234 2004 332 2057 lisdem
345 2005 429 2058 ferme
441 2003 537 2057 diebus
549 2003 627 2057 Darei
641 2003 743 2057 litterae
755 2001 852 2055 allatae
865 2013 932 2074 sunt,
943 2005 1050 2061 tandem

139 2080 169 2124 ut
193 2074 247 2141 regi
271 2073 394 2143 scriptae.
431 2073 551 2143 Petebat,
578 2075 615 2126 uti
639 2073 722 2127 filiam
748 2089 825 2126 suam
848 2073 971 2144 (Statirae
996 2083 1050 2128 erat

140 2143 258 2210 nomen),
287 2143 386 2211 nuptiis
413 2141 566 2196 Alexander
593 2143 644 2196 sibi
670 2142 844 2212 adjungeret:
876 2143 964 2196 dotem
996 2144 1050 2197 fore

140 2225 248 2263 omnem
277 2213 412 2279 regionem
441 2212 508 2264 iuter
537 2212 739 2282 Hellespontum
770 2221 796 2264 et
826 2213 913 2284 Halyn
942 2231 1050 2267 amnem

141 2279 227 2348 sitam,
241 2281 303 2332 inde
320 2281 455 2334 Orientem
467 2282 648 2350 spectantibus
661 2284 735 2334 terris
746 2290 898 2337 contentum
915 2285 956 2354 (se
975 2282 1050 2354 iore).

141 2347 167 2401 Si
191 2349 256 2400 forte
280 2349 411 2403 dubitaret
434 2351 505 2420 quod
528 2351 666 2404 offerretur
684 2352 822 2422 accipere:
847 2370 981 2422 nunquam
1005 2353 1050 2407 diu

141 2417 237 2470 eodem
256 2419 367 2487 vestigio
384 2421 463 2472 stare⁶
482 2419 624 2491 fortunam,
644 2439 802 2491 semperque
821 2422 950 2493 homines,
970 2439 1051 2492 quau·

141 2495 303 2558 tamcunque
332 2488 489 2544 felicitatem
518 2490 644 2559 habeant,
672 2490 800 2544 iuvidiam
829 2501 919 2544 tamen
953 2491 1050 2544 sentire

141 2565 1050 2637 mmm-e}

142 2633 244 2682 heusted
255 2634 340 2692 itself,’
353 2651 381 2684 so
392 2633 444 2683 that
454 2636 524 2684 these
536 2645 585 2684 two
597 2635 717 2684 thousand
727 2637 774 2684 hed
791 2638 852 2684 been
867 2638 954 2697 spared
969 2638 993 2685 in
1010 2637 1050 2686 the

141 2695 241 2800 general
250 2709 379 2743 mmsacre.
412 2694 484 2744 After
493 2698 569 2753 milia,
581 2697 650 2758 office
661 2695 738 2756 might
756 2695 817 2745 have
836 2698 898 2745 been
916 2695 1048 2756 expectem

159 2762 185 2800 ut
196 2769 238 2800 see
250 2754 348 2813 Zumpt,
361 2753 375 2806 l
386 2757 438 2803 368.

169 2811 265 2917 ’ξηαπ
276 2813 296 2862 ie
308 2814 374 2866 here.
388 2829 414 2862 cs
425 2823 466 2862 not
477 2813 656 2875 unfrcqucntly,
669 2813 730 2862 used
740 2813 777 2864 ior
784 2823 914 2877 postquam.

170 2874 179 2899 ¹
206 2871 244 2918 'he
255 2872 355 2921 modern
367 2871 451 2928 Cadiz,
464 2873 569 2922 situatcd
579 2891 595 2923 u
612 2891 644 2922 on
654 2889 685 2923 an
696 2873 752 2924 islet
763 2889 794 2921 on
806 2874 846 2921 the
859 2874 962 2934 Spanish
974 2884 1049 2931 coast,

142 2929 366 3035 gothicam-east
383 2931 411 2979 os
424 2931 553 2980 Gibraltar.
610 2934 639 2981 he
657 2933 805 2983 Phoenician
816 2949 886 2982 name
897 2949 949 2982 was
961 2933 1049 2992 Gadir;

168 2992 493 3116 5²²nlldlill‘gll'12a1ng
503 3049 584 3098 nither
594 3051 640 3098 ana
651 3051 758 3099 terruere
821 3065 826 3078 ‹

171 3115 179 3138 ¹
192 3111 198 3132 ¹
209 3106 280 3154 Alter
290 3116 308 3154 rt
319 3107 366 3156 had
374 3108 496 3157 cndured’

170 3171 179 3196 ⁸
191 3165 262 3214 After
270 3165 311 3213 the
319 3164 394 3217 direct
401 3166 561 3224 information,
571 3171 657 3230 petebat
664 3177 700 3224 ut,
712 3169 760 3216 dac.
768 3169 810 3217 the
819 3172 904 3220 author
910 3185 995 3232 pasees
1004 3171 1053 3218 into

142 3224 184 3273 the
195 3223 368 3274 indirectlorm
379 3225 407 3274 of
418 3227 516 3294 speech,
531 3227 634 3276 without
649 3227 801 3288 introducing
817 3243 831 3276 a
845 3232 904 3278 verb
916 3231 945 3278 os
957 3233 1051 3298 scyr'ng.

143 3284 189 3332 See
203 3284 283 3332 Grani.
294 3285 306 3336 l
318 3287 372 3354 379.Ι
394 3284 503 3333 Darrus's
512 3285 584 3334 offers
594 3302 633 3333 are
642 3301 769 3346 genereus,
780 3288 826 3335 and
835 3288 873 3337 his
882 3301 1021 3351 arguments
1030 3303 1052 3338 tu

142 3355 234 3450 llil?at
244 3345 487 3452 tttlttttttttl
498 3345 672 3452 uultu
680 3347 749 3452 llll
757 3345 1053 3456 tlttuluu‘ittttl

143 3419 257 3511 offendegd
265 3462 414 3520 Alexander,
427 3439 554 3512 condoleus
565 3479 591 3511 es
602 3421 637 3512 h}
645 3421 695 3513 whs
706 3463 734 3512 oi
741 3464 778 3513 his
789 3465 895 3527 military
903 3443 1053 3528 siparionty'.
