2410 3890
162 216 218 274 ltd
426 229 465 270 nr
488 228 593 270 enarra
615 229 799 272 anrxrnnar.

158 339 297 392 meruerint
331 339 366 390 At
384 338 519 403 parricidas
538 345 676 401 promptum
696 339 797 388 exitium
818 346 986 404 oeanuatur,
1002 341 1065 404 quod

159 407 299 456 Alexander
316 405 440 470 irrogabit,
457 404 545 460 sinon
564 403 732 452 misericordia
752 404 858 453 infelicis
878 405 961 464 hostis,
978 407 1065 456 saltem

159 472 214 520 odio
230 471 373 530 facinorum,
385 477 410 519 et
420 487 451 518 ne
463 469 584 531 impunita
601 470 627 517 in
644 469 746 518 aliorum
764 470 839 519 etiam
851 486 937 534 regum
950 487 1065 535 suurnque

159 536 236 598 ipsius
246 537 348 585 exitium
359 542 493 598 erumpant.
520 533 578 582 Post
588 534 657 593 baec,
667 551 722 583 cum
734 535 775 583 siti
788 542 927 600 angeretur,
939 537 1013 585 allata
1024 553 1066 600 per

159 599 325 665 Polystratum
336 617 400 665 aqua
411 606 540 659 recreatus,
552 597 626 664 Ergo,
638 601 680 658 ait,
692 599 755 648 bano
767 600 842 648 etiam
854 602 929 650 tantis
941 602 1066 651 calamita·
1164 648 1168 656 ,

158 667 224 716 tibus
238 672 373 716 extremam
391 667 507 716 accedere
524 665 636 727 oportuit,
647 671 674 714 ut
685 666 747 714 bene
758 666 846 714 merito
857 669 963 731 gratiam
975 669 1065 717 referre

159 747 208 780 non
225 732 329 794 possim:
347 738 373 781 at
384 732 471 781 referet
482 731 634 789 Alexander;
652 731 792 780 Alexandro
803 746 859 780 vero
874 732 915 780 dii.
949 733 1065 783 Dextram

160 797 246 847 deinde
269 798 399 860 protendit,
421 811 523 859 eamque
543 796 687 855 Alexandro,
709 796 764 845 fidei
787 797 870 860 regiae
892 797 988 862 pignus,
1008 800 1065 848 ferri

161 864 257 928 jubens,
269 863 420 926 apprehense
436 861 567 925 Polystrati
585 877 661 910 mauu
675 861 784 910 animam
797 861 894 911 efflavit
928 865 1066 913 Alexander

160 943 192 976 an
209 929 312 990 spiranti
330 928 410 977 adbuc
427 926 599 988 supervenerit,
611 926 731 976 incertum
743 934 794 976 estr
812 927 870 976 illud
882 935 984 988 constat,
995 929 1066 978 mise.

159 994 230 1042 rabili
243 994 310 1058 regis
321 991 499 1056 opulentissimi
511 991 578 1040 exitu
589 997 719 1054 comperto,
730 993 840 1055 copiosas
857 993 972 1043 lacrima
989 996 1067 1058 prosu·

154 1059 232 1117 -disse,
244 1059 375 1122 statimque
387 1057 517 1121 chlamyde
525 1056 572 1106 sibi
583 1058 692 1106 deuecta
704 1073 789 1120 corpus
800 1059 930 1120 operuisse,
941 1067 966 1108 et
976 1077 1068 1126 magno

160 1140 217 1172 cum
228 1124 319 1173 honore
331 1125 363 1172 ad
373 1140 429 1172 suos
441 1122 529 1172 deferri
541 1122 651 1187 jussisse,
662 1129 690 1172 ut
701 1123 770 1188 regio
780 1124 909 1174 Persarum
921 1141 987 1176 more
999 1143 1066 1176 cura·

160 1194 211 1236 turn
223 1190 387 1239 monumentis
394 1190 515 1254 majorum
527 1187 663 1238 inferretur.
691 1187 897 1253 ingratitudinem
909 1192 1066 1251 hominumn

159 1254 213 1316 quis
230 1271 273 1316 pro
289 1254 392 1304 mmmis
404 1253 529 1304 beneficiis
540 1254 636 1304 crudele
647 1253 749 1304 exitium
761 1255 857 1304 Dareus
867 1257 974 1318 pertulit,
984 1274 1066 1321 quam·

159 1335 233 1382 quam
251 1326 335 1382 suopte
354 1319 455 1384 ingenio
472 1319 618 1368 horrendam
639 1326 664 1368 et
682 1321 865 1380 exsecrabilem,
882 1322 1016 1386 insigniore
1035 1326 1066 1374 ad

159 1385 325 1446 posteritatem
342 1384 448 1435 infamia
463 1383 589 1434 damnavit
605 1384 675 1434 canis
691 1387 817 1462 cujusdam
829 1386 893 1436 mira
905 1387 973 1450 fides,
983 1391 1024 1454 qui
1035 1392 1067 1440 ab

158 1450 272 1498 omnibus
289 1450 450 1500 familiaribus
462 1449 576 1499 derelicto
587 1450 651 1499 solus
663 1451 748 1511 adfuit,
758 1458 784 1500 et
793 1467 868 1514 quam
879 1452 905 1502 in
916 1453 997 1506 vivum
1009 1472 1066 1520 prae

159 1531 186 1564 se
197 1516 254 1564 tulit
262 1515 460 1576 benevolentiam,
468 1514 582 1564 morienti
591 1531 682 1580 quoque
691 1522 829 1566 constanter
838 1520 966 1580 praestitit.
994 1522 1067 1572 Hunc

159 1579 222 1628 vitae
234 1581 307 1630 finem
319 1581 418 1630 sortitus
429 1587 467 1630 est
477 1581 526 1640 ille,
535 1596 608 1643 quem
619 1582 692 1630 modo
704 1583 850 1632 contumelia
862 1585 927 1634 affici
942 1589 1067 1649 putabant,

159 1645 207 1695 uisi
219 1662 302 1710 regem
314 1663 409 1712 regum,
420 1653 445 1696 et
459 1647 558 1696 deomm
575 1647 784 1717 consanguineum
801 1649 949 1701 salutarent:
966 1668 1067 1718 magno·

158 1725 205 1774 que
223 1713 310 1762 iterum
328 1711 494 1776 experimento
510 1713 669 1774 approbatum
685 1718 730 1770 est,
744 1714 868 1766 neminem
885 1717 967 1782 magis
983 1724 1066 1782 patere

159 1777 276 1837 fortunae,
283 1793 356 1841 quam
365 1779 407 1840 qui
415 1777 523 1842 pluribus
529 1777 640 1843 ejusdem
647 1776 773 1828 blanditiis
780 1779 894 1842 irretitus,
903 1784 991 1849 jugam
1001 1784 1067 1834 illitu

158 1846 209 1894 tota
220 1843 312 1894 cervice
322 1843 457 1909 receperit]
