2410 3890
162 235 216 289 tte
424 250 463 289 aa
487 249 594 290 essars
615 238 802 290 aaaxsnnat.

158 375 259 427 cussus,
284 359 337 411 dno
361 358 454 411 itinera
477 358 550 410 velut
573 357 732 428 dispensatis
754 358 841 427 aquis¹
863 357 956 427 aperit.
1000 354 1067 411 lude

159 430 277 496 torrens,l
289 438 315 480 et
336 443 466 494 saxorum,
479 445 525 496 per
543 444 612 494 qnae
634 428 746 494 incurrit,
760 428 901 496 asperitate
918 426 1063 496 violentior,

159 510 255 550 terram
276 513 404 566 praeceps
424 497 500 549 subit.
546 497 595 548 Per
615 497 678 549 CCC
696 496 780 548 stadia
803 496 936 550 conditus³
953 496 1065 550 labitur:

158 583 300 635 rursusque
324 565 397 618 velut
417 583 451 618 ex
473 565 525 616 alic
548 565 620 617 sonte
641 574 786 634 conceptus
806 566 900 635 editur,
920 576 947 619 et
967 582 1066 620 novum

158 634 264 687 alveum
294 635 425 703 intendit,⁴
451 636 535 704 priore
562 636 601 687 sui
625 649 699 702 parre
723 635 867 703 spatiosior.
911 635 1016 703 Quippe
1039 635 1067 688 in

159 704 326 758 latitudinem
338 705 433 758 decem
454 714 481 756 et
500 705 577 756 trium
591 704 734 756 stadiorum
747 703 910 772 diffunditur,
925 720 1066 774 rursusque

157 773 352 841 angrrstioribus
372 774 502 826 coercitus
522 774 584 840 ripis
605 773 654 824 iter
674 774 759 840 cogit,
779 773 885 826 tandem
907 775 931 826 in
953 773 1066 828 alterum

157 859 266 896 amnem
288 844 369 895 cadit.
413 842 530 909 Ridagno
555 858 651 896 nomen
676 852 724 894 est.
761 842 866 896 incolae
889 842 1065 911 affirmabant,

157 913 309 982 quicunque
321 911 430 964 demissi
443 919 531 963 essent
545 911 573 963 in
585 927 733 976 cavernam,
744 928 813 980 quae
823 914 925 981 propior
938 920 978 964 est
991 911 1064 980 fonti,

157 997 247 1034 rursus
260 981 304 1034 ubi
324 981 396 1032 alind
416 996 446 1032 os
465 981 552 1032 amnis
571 979 693 1048 aperitur,
708 981 841 1032 existere.⁵
877 983 970 1049 ltaque
983 981 1063 1034 Alex·

156 1051 240 1102 ander
259 1049 345 1118 dnos,⁸
362 1065 414 1118 qua
434 1047 555 1101 subeunt‘
567 1065 654 1116 aquae
674 1058 779 1118 terram,
800 1051 965 1119 praecipitari
981 1049 1064 1119 jubet,

157 1136 268 1188 qnorum
292 1135 406 1187 corpora,
432 1118 477 1171 ubi
505 1133 593 1170 rursus
617 1118 739 1188 erumpit,
764 1119 875 1189 expulsa
898 1119 996 1190 videre,
1020 1119 1066 1188 qui

156 1189 230 1241 missi
243 1200 325 1255 erant,
340 1197 367 1239 nt
379 1188 540 1256 exciperent.

195 1264 233 1310 ll.
252 1257 381 1315 Quanam
393 1256 447 1326 jam
460 1257 534 1310 diem
550 1257 645 1310 eodem
659 1257 715 1308 loco
727 1259 846 1326 quietem
858 1257 934 1310 militi
946 1257 1064 1326 dederat,

156 1343 218 1379 curn
232 1327 331 1378 litteras
342 1325 514 1394 Nabarzanis,
524 1327 569 1394 qui
583 1328 698 1378 Dareum
711 1344 773 1380 cnm
786 1327 867 1380 Besso
881 1327 1064 1396 interceperat,

156 1396 260 1464 accipit,
284 1411 394 1464 quarum
420 1395 550 1448 sententia
569 1394 720 1448 haeserat:
745 1412 775 1447 se
799 1397 884 1448 Dareo
907 1412 959 1450 non
984 1397 1065 1450 luisse

156 1464 302 1532 inimicum,
316 1465 399 1518 immo
411 1463 503 1516 etiam⁷
515 1480 584 1532 quae
602 1464 759 1517 credidisset
779 1465 855 1518 utilia
867 1482 927 1518 esse
941 1467 1064 1535 suasisse,

156 1540 184 1587 et
196 1535 259 1602 quia
270 1533 349 1586 fidele
362 1533 502 1586 consilinm
516 1535 569 1602 regi
587 1533 713 1600 dedisset,
727 1550 807 1614 prope
827 1535 946 1588 occisum
967 1536 1001 1588 ab
1021 1550 1062 1588 eo.

156 1603 280 1670 Agitasse
301 1603 425 1670 Dareum,
442 1602 591 1655 custodiam
610 1601 726 1671 corporis
744 1619 783 1655 sm
802 1615 891 1656 contra
910 1603 953 1672 jus
973 1603 1066 1674 fasque

156 1673 294 1742 peregrino
318 1671 395 1725 militi
419 1671 530 1740 tradere,
555 1671 683 1724 damnata
708 1672 874 1740 popularium
897 1673 959 1741 fide,
984 1690 1066 1742 quam

156 1757 202 1812 per
215 1743 343 1794 ducentos
354 1750 380 1793 et
394 1741 497 1808 triginta
517 1742 609 1792 annos⁸
622 1740 776 1793 inviolatam
799 1741 904 1810 regibus
925 1742 984 1796 suis
1003 1759 1065 1811 prae

156 1811 291 1864 stitissent.
328 1810 361 1864 Se
385 1809 411 1862 in
433 1809 570 1880 praecipiti
587 1818 616 1868 et
635 1810 734 1862 lubrico
754 1820 869 1866 stantem
889 1811 1030 1866 consilinm
1049 1829 1066 1864 a

156 1881 286 1949 praesenti
300 1881 460 1933 necessitate
476 1880 615 1948 repetisse.
650 1879 768 1932 Dareum
788 1897 902 1949 qnoque,
915 1897 979 1934 cum
997 1881 1065 1935 ocol-

155 1943 237 2002 disset
251 1950 363 2018 Bagoas,
377 1948 611 2002 haoexcusatione
630 1949 790 2004 satisfecisse
802 1949 980 2018 popularibus,
993 1950 1065 2020 quod

155 2019 324 2072 insidiantem
337 2018 388 2071 sibi
401 2019 587 2072 interemisset.
625 2018 698 2072 Nihil
712 2035 773 2070 esse
786 2019 890 2072 miseris
911 2020 1066 2076 mortalibus

156 2088 246 2156 spiritu
259 2089 353 2140 carius.
389 2089 489 2140 Amore
500 2087 560 2156 ejus
571 2087 605 2138 ad
622 2087 717 2161 ultima
736 2105 796 2140 esse
817 2088 978 2156 propulsum.
1014 2089 1066 2144 Sed

155 2173 187 2208 ee
201 2157 286 2222 magis
298 2173 357 2208 esse
370 2156 512 2220 secutum,⁹
524 2172 607 2223 qnam
618 2165 734 2224 optasse.
770 2157 799 2210 ln
812 2157 945 2210 cummuni
958 2157 1066 2212 calami·

155 2235 209 2276 tate
223 2241 298 2276 suam
312 2241 448 2292 quemque
461 2223 560 2276 habere
573 2224 713 2279 fortunam.
750 2225 775 2278 Si
793 2225 885 2278 venire
907 2243 936 2278 se
953 2226 1064 2296 juberet,

155 2295 212 2346 sine
237 2302 311 2345 metu
335 2309 394 2346 esse
417 2301 567 2344 venturum.
603 2294 662 2346 Non
687 2294 788 2361 timere,
810 2311 844 2348 ne
868 2295 949 2348 fidem
973 2297 1064 2350 datam

88 2486 96 2494 ι
184 2435 191 2458 ¹
202 2429 348 2491 Dispensare
358 2427 453 2486 implies
461 2427 512 2486 just
523 2443 550 2474 or
560 2427 632 2486 equal
642 2428 803 2478 distribution.

182 2499 193 2524 ²
206 2494 303 2542 Torrere
313 2508 396 2540 means
410 2497 449 2539 ‘to
460 2492 534 2540 roast'
545 2507 571 2538 or
584 2493 690 2551 ‘perch’
711 2499 753 2541 ‘to
769 2496 798 2542 be
814 2495 917 2544 heated.'
953 2495 1063 2551 Torreat,

155 2553 234 2601 which
245 2554 302 2614 Q'nst
315 2567 341 2600 as
352 2556 435 2599 vehens
446 2551 467 2598 is
478 2551 618 2598 sometimes
630 2552 689 2601 used
700 2569 726 2602 as
738 2553 779 2601 the
790 2554 913 2614 participle
925 2565 1020 2613 present
1031 2554 1059 2602 os

154 2617 241 2667 velere,
258 2612 398 2660 sometimes
414 2609 442 2656 ol
453 2612 511 2678 veli)
527 2625 582 2678 may
599 2612 629 2658 be
645 2611 686 2659 the
702 2613 825 2681 participle
842 2613 870 2660 ol
881 2615 972 2666 torreri.
986 2615 1007 2662 is
1023 2613 1065 2661 the

155 2671 266 2731 standing
283 2682 343 2718 term
359 2670 395 2717 for
411 2685 424 2716 a
440 2668 514 2727 repul,
533 2679 671 2730 tmpetnons
687 2683 811 2720 mountain
827 2682 924 2719 stream.
957 2672 1005 2721 We
1020 2687 1065 2721 use

157 2731 269 2794 ‘torrent’
283 2731 306 2778 in
318 2730 358 2777 the
370 2744 436 2776 same
447 2743 526 2777 sense.

183 2798 192 2821 ⁵
203 2793 385 2854 Undergronnd.

184 2857 217 2905 ‘J
221 2869 259 2905 nst
270 2875 296 2905 as
308 2861 360 2912 iter.
374 2861 435 2907 ciam
445 2861 574 2914 intendere,
586 2874 615 2906 so
630 2858 682 2908 also
697 2861 789 2906 dueum
798 2860 927 2916 intendere,
943 2865 982 2908 ‘te
993 2861 1065 2922 begin

154 2931 168 2964 a
179 2932 233 2964 new
244 2917 362 2964 channel'

185 2987 194 3011 ⁸
205 2987 211 3006 ⁴
221 2981 368 3038 Appeared,'
384 2986 465 3028 ‘came
477 2991 502 3028 to
513 2979 591 3040 light)

182 3051 191 3076 ¹
204 3045 245 3092 No
256 3045 329 3092 doubt
341 3045 471 3099 criminals,
484 3061 541 3092 men
553 3044 607 3092 who
618 3042 665 3092 had
676 3046 737 3094 been
748 3046 897 3095 condemned
909 3057 933 3095 to
944 3047 1024 3096 death.

184 3114 191 3136 ¹
205 3115 211 3134 ⁴
221 3108 287 3167 Nay,
297 3108 347 3155 that
355 3123 385 3155 on
393 3108 433 3155 the
441 3118 551 3167 contrary
557 3108 587 3154 he
596 3107 644 3156 had
651 3123 711 3156 even
718 3109 816 3158 advised
823 3111 891 3159 him!
909 3112 956 3160 See
964 3113 1061 3172 Zumpt.

153 3167 168 3219 i
179 3172 241 3274 37lie
249 3225 352 3274 rechons
361 3224 421 3272 lrom
429 3224 470 3271 the
480 3225 537 3272 time
544 3224 572 3271 ol
576 3224 655 3284 Cyrus
663 3224 703 3272 the
712 3226 795 3282 Great,
807 3228 946 3290 whobegan
954 3229 1061 3292 torsigu,

154 3285 281 3346 according
292 3295 317 3333 tc
329 3284 369 3331 the
381 3292 445 3330 most
456 3292 566 3344 accurate
577 3284 741 3340 calculatione,
754 3285 778 3333 in
789 3286 830 3334 the
842 3303 899 3346 year
909 3291 954 3336 560
964 3303 988 3336 a.
997 3303 1017 3336 c.

182 3355 286 3402 ’‘Tbat
303 3353 333 3402 he
349 3351 396 3400 had
407 3351 488 3399 rather
499 3352 560 3399 been
575 3351 656 3400 forced
666 3362 691 3400 to
702 3353 733 3402 do
748 3353 817 3403 these
833 3355 933 3416 things‚'
948 3356 1016 3406 ‘that
1031 3355 1062 3405 he

154 3412 201 3461 had
212 3413 281 3462 acted
292 3429 319 3461 as
331 3411 361 3459 he
372 3410 418 3458 had
429 3410 491 3457 done
502 3409 563 3456 from
574 3411 695 3471 necessity
704 3413 784 3461 rather
792 3413 954 3463 thanchoice.’
987 3415 1026 3463 Aa
1036 3424 1063 3464 to

154 3474 220 3532 sequi
231 3471 291 3521 used
303 3488 329 3520 ss
341 3469 436 3532 passive
447 3476 472 3515 te
482 3471 580 3524 trahere,
593 3484 704 3528 compara
715 3487 737 3520 v.
750 3477 787 3530 15,
799 3475 831 3520 ad
841 3474 895 3520 icit.
