2314 3886
457 245 549 288 iiras
567 245 632 288 vin.
940 227 999 284 att

93 355 228 428 panderet,
241 364 268 409 et
280 371 372 409 cruore
383 355 482 409 siccato
494 355 639 422 frigescens
648 353 746 408 volone
760 359 915 422 aggravaret
926 349 998 405 dolo-

93 441 157 496 rem,
171 425 269 480 dixisse
281 425 369 494 iertur,
383 443 412 478 se
424 425 534 494 quidem
545 423 620 478 iovis
637 423 723 476 filium
743 423 803 491 dici,
817 422 864 474 sed
884 421 998 491 corporis

92 496 164 564 aegri
184 496 248 546 viria
266 496 373 548 sentire.
408 497 467 548 Non
488 504 580 547 tamen
599 501 662 545 ante
684 509 713 545 se
734 494 832 561 recepit
853 491 881 544 in
903 499 996 560 castra,

92 581 173 634 quain
186 571 282 616 cuncta
293 564 434 634 perspexit,
447 577 474 616 et
487 579 556 633 quae
568 561 626 616 fieri
639 562 718 615 vellet
730 561 820 616 edixit.

128 638 169 686 38.
190 635 265 701 Ergo,
288 635 355 686 sicut
379 635 538 702 imperatum
557 640 621 699 crat,
642 631 689 685 alii
710 638 787 684 extra
810 630 904 685 urbem
927 637 999 683 tecta

93 702 289 770 moliebantur,¹
313 704 503 772 ingentemque
527 702 581 755 vim
611 701 739 754 materiae
762 700 884 754 iaciendo
908 699 998 768 aggeri

92 771 285 825 detrahebant:
310 773 355 825 alii
378 788 535 840 magnarum
552 770 673 824 arborem
697 770 800 840 stipites
823 787 885 823 oum
909 769 997 838 ramis,

74 857 127 894 ac
138 841 223 893 moles
240 857 363 894 saxorum
384 841 411 894 in
429 857 557 894 cavernas
576 839 747 910 dejiciebant.
783 840 897 908 Jamque
916 853 999 906 agger

93 919 255 979 aequaverat
272 927 395 964 summac
413 910 549 980 fastigium
573 919 673 962 terrae:
698 910 788 979 itaque
807 917 892 962 turres
914 909 999 975 erige·

93 979 164 1048 baut,
178 996 246 1048 quae
259 997 339 1050 opera
357 981 456 1048 ingenti
475 980 592 1034 militum
610 979 702 1032 ardore
720 980 789 1032 intra
808 994 907 1031 nonum
925 977 1000 1030 diem

93 1049 214 1102 absoluta
232 1060 300 1102 sunt.
336 1048 379 1102 Ad
391 1065 424 1102 ea
435 1050 545 1102 visenda
564 1066 616 1118 rex,
630 1049 748 1102 nondum
764 1048 881 1102 obducta
898 1046 1000 1098 vulneri

93 1119 235 1187 cicatrice,²
258 1119 391 1188 processit,
417 1119 583 1188 laudatisque
612 1119 748 1189 militibus,
777 1117 913 1170 admoveri
944 1133 999 1168 ma·

93 1186 186 1240 chinas
202 1187 314 1258 jussit,e
332 1189 430 1258 quibus
449 1190 543 1258 ingens
562 1191 603 1241 vis
620 1188 732 1252 telorum
750 1189 778 1241 in
796 1195 1003 1257 propugnatores

93 1255 180 1310 effosa
192 1265 241 1310 est.
276 1257 423 1329 Praecipue
435 1258 515 1312 rudes
522 1257 617 1312 talium
626 1273 736 1328 operum
745 1255 878 1312 terrebant
888 1254 1003 1308 mobiles

94 1334 184 1394 turres,
200 1335 337 1396 tantasque
350 1328 435 1381 moles
452 1327 526 1380 nulle
543 1344 593 1398 ope
612 1345 681 1398 quae
699 1335 850 1380 cerneretur
861 1324 999 1392 adductas,

93 1393 202 1448 deorum
224 1397 332 1449 nomine
351 1397 396 1465 agi
413 1396 565 1465 credebant,
579 1398 633 1467 pila
651 1413 757 1466 quoque
774 1395 897 1450 muralia⁸
909 1403 936 1447 et
955 1409 1000 1446 ex·

93 1479 185 1516 criseas
196 1466 332 1518 tormentis
342 1483 501 1536 praegraves
516 1467 607 1520 hastas
625 1467 756 1535 negabant
774 1465 915 1517 contenire
933 1479 1001 1516 mor·

94 1533 197 1586 talibus.
234 1535 272 1588 lta
291 1551 326 1587 ue
342 1535 483 1605 desperata
500 1536 572 1590 urbis
590 1536 672 1590 tutela
684 1549 839 1590 concessere
857 1533 884 1586 iii
901 1547 1000 1587 arcem.

92 1601 165 1670 Inde,
179 1603 241 1672 quia
258 1603 284 1656 ni
305 1603 322 1656 il
340 1604 456 1658 obsessis
472 1614 576 1675 praeter
593 1605 755 1658 deditionem
774 1602 904 1672 placebat,
920 1601 1001 1668 legati

91 1671 126 1724 ad
149 1689 240 1740 regem
263 1673 458 1728 descenderunt
482 1676 588 1728 veniam
612 1675 725 1744 petitorii
770 1673 828 1731 Qua
852 1673 1000 1739 impetrata,

93 1741 184 1808 regina
201 1742 274 1794 verrit
293 1759 355 1796 cum
374 1759 470 1810 magno
488 1743 616 1797 nobilium
635 1743 796 1796 seminarum
814 1757 895 1809 grege
914 1739 1001 1792 aureis

92 1810 190 1879 pateris
208 1811 270 1863 vina
286 1811 447 1864 libentium⁴
493 1812 554 1865 lsa
570 1812 683 1880 genibus
700 1812 770 1880 regis
823 1827 868 1863 rvo
884 1809 938 1862 lilio
955 1806 1002 1860 ad·

92 1889 170 1946 moto,
184 1882 354 1932 conveniam
372 1881 458 1950 modo,
472 1829 523 1934 sed
537 1883 619 1934 etiam
636 1881 762 1950 pristinae
791 1889 900 1932 ortunae
919 1879 1001 1946 impe·

93 1949 171 2000 travit
182 1949 272 2000 deous.
310 1948 413 2018 Quippe
425 1950 558 2019 appellata
570 1951 661 2018 regina
678 1958 719 2002 est
726 1967 734 2018 5
752 1957 779 2001 et
796 1947 932 2000 credidere
944 1946 1002 2015 qui-

91 2017 163 2084 dam,
177 2017 237 2085 plus
255 2017 363 2087 formae,
376 2034 458 2087 quarn
476 2019 636 2072 miserationi
654 2019 766 2071 datum.⁵
802 2019 884 2070 Puero
896 2031 1002 2086 quoque

91 2094 165 2138 certe
177 2093 270 2154 postea
281 2103 316 2138 ex
327 2102 360 2138 ea
371 2097 506 2157 utcunque
518 2089 607 2157 genito
619 2087 769 2141 Alexandro
782 2086 831 2140 init
843 2103 948 2140 nomen.

127 2159 169 2206 89.
195 2156 262 2207 ilinc
291 2155 452 2226 Polypercon
482 2157 517 2211 ad
547 2157 640 2211 urbem
666 2157 767 2210 Noram
792 2173 854 2209 cum
883 2154 1001 2208 exercitu

92 2227 197 2294 missus,
213 2225 364 2278 vinconditos
381 2226 524 2296 oppidanos
538 2226 640 2349 proelio
657 2226 735 2280 vicit:
754 2226 821 2280 intra
837 2226 1003 2279 munimenta

90 2294 243 2362 compulsos
254 2303 368 2363 secutus,
382 2295 475 2350 urbem
493 2297 520 2349 in
559 2297 671 2350 icionem
683 2297 793 2364 redegit.
829 2295 917 2350 Multa
929 2295 1004 2362 igno-

92 2361 157 2416 bilia
168 2363 264 2434 oppida
282 2364 387 2417 deserta
397 2383 414 2417 a
426 2367 482 2420 suis
493 2383 590 2420 venare
602 2365 629 2419 in
642 2366 713 2434 regis
730 2373 898 2435 potestatem.
933 2364 1002 2422 Quo-

92 2449 150 2484 rum
174 2432 274 2486 incolae
297 2434 393 2487 armati
417 2445 520 2505 petram
538 2437 635 2489 Aornin
659 2435 777 2488 nomine⁸
796 2441 1000 2504 occupaverunt.

91 2502 170 2556 Hanc
179 2503 214 2556 ab
226 2503 340 2556 Hercule
352 2502 447 2557 frustra
459 2505 597 2559 obsessam
608 2521 676 2574 esse,
690 2514 828 2574 terraeque
840 2512 913 2558 motu
926 2519 1003 2555 coac·

91 2580 149 2626 tum
172 2572 308 2641 absistere,
328 2571 402 2625 fama
425 2574 585 2642 vulgaverat.
632 2575 743 2644 inopem
765 2573 867 2626 consilii
889 2571 1002 2625 Alexan·

89 2641 178 2711 drum,
196 2642 260 2710 quia
278 2642 396 2711 undique
413 2659 541 2713 praeceps
558 2651 584 2696 et
602 2643 713 2712 abrupta
732 2658 811 2710 rupes
833 2650 897 2709 erat,
917 2639 1003 2692 senior

90 2711 202 2780 qnidam
220 2711 320 2781 peritus
340 2712 457 2766 locorum
476 2729 537 2766 curn
557 2712 661 2766 duobus
680 2711 741 2765 filiis
761 2709 824 2779 adit,
846 2711 868 2762 si
887 2708 1002 2778 pretium

91 2795 188 2850 operae
217 2790 296 2849 esset,
326 2781 426 2834 aditum
457 2800 486 2834 se
515 2790 720 2835 monstraturum
749 2795 810 2832 esse
838 2779 1000 2850 promittens.

122 2899 188 2947 ¹We
204 2915 260 3006 ηιαῆ
273 2900 328 2960 give
344 2900 385 2948 the
402 2915 473 2948 sense
489 2901 523 2961 by
535 2905 587 2948 ‘sei
598 2910 624 2949 to
634 2899 704 2948 work
715 2899 798 2947 withr'
816 2899 840 2947 in
856 2897 1000 2947 connection

92 2957 154 3006 with
165 2959 206 3006 ilie
217 2959 240 3006 io
260 2961 341 3021 owing
351 2962 508 3020 detrahebant,
522 2960 540 3008 it
552 2975 636 3008 means
649 2961 743 3020 ‘began
753 2968 778 3007 to
789 2957 840 3018 pull
851 2957 940 3006 down'

121 3016 296 3067 '‘Basorethe
308 3019 396 3068 wound
408 3034 458 3066 was
469 3019 596 3068 cicatrizcd
607 3034 633 3069 or
644 3018 748 3066 skinned
759 3019 834 3066 over.'

122 3075 155 3124 'J
157 3075 248 3125 avelina
264 3077 300 3125 tor
315 3078 430 3138 assailing
445 3079 485 3126 the
498 3077 575 3126 walls.
607 3077 662 3126 'I'he
672 3080 747 3140 pilum
757 3091 809 3126 was
820 3076 895 3126 much
905 3075 1003 3125 thicltet

92 3134 140 3188 aad
151 3145 262 3196 stronger
272 3136 330 3184 thari
342 3137 382 3185 the
394 3137 504 3198 ordinary
512 3136 616 3206 jevelins
628 3138 738 3198 (jacula).

121 3193 216 3302 ⁴Theq
225 3195 372 3243 themselves
388 3196 467 3245 tested
478 3212 492 3244 a
502 3196 564 3244 little
579 3195 608 3244 of
619 3195 660 3244 the
672 3197 743 3254 wine,
755 3195 802 3246 and
817 3191 945 3258 presented
960 3192 1003 3242 the

92 3263 142 3307 rest
154 3263 199 3302 tot
218 3270 231 3302 e
242 3269 381 3313 conqueror.

121 3313 243 3374 ⁸Alr'quid
254 3317 368 3382 (multam,
376 3316 441 3382 plur)
449 3316 585 3384 daraclitci
592 3315 694 3370 (hominib
703 3316 809 3364 oralicni
817 3313 859 3370 isi,
872 3317 914 3360 ‘to
939 3320 1001 3380 rant,

92 3372 207 3442 concede,
219 3372 251 3421 do
261 3371 407 3433 something,
420 3388 445 3420 in
455 3372 668 3422 considerationes
675 3389 742 3422 some
752 3389 797 3422 one
808 3387 835 3421 or
845 3327 1001 3480 sometirqq!

120 3439 131 3464 ⁸
141 3431 204 3480 vnis
215 3447 315 3492 appears
324 3439 349 3479 to
360 3432 389 3479 be
401 3447 415 3479 a
426 3432 509 3482 Greelt
520 3432 696 3482 translationes
704 3433 745 3481 tha
755 3433 836 3481 native
847 3445 931 3478 name:
947 3434 953 3456 ‘
988 3443 1003 3478 e

92 3491 152 3543 roei
162 3499 188 3540 to
198 3490 280 3542 which
290 3505 322 3540 no
332 3489 385 3539 bird
395 3491 456 3541 rises
467 3499 507 3550 too
516 3501 618 3542 account
627 3491 656 3540 ol
667 3491 708 3541 the
719 3491 830 3556 heigbit.'
