2264 3880
450 253 544 296 arsere
563 254 594 293 x.
776 270 778 276 ·
918 239 976 294 305

65 371 172 416 metuo:
191 362 282 432 palam
299 369 371 415 certe
389 361 498 432 rupistis
515 362 664 432 imperium,
678 370 705 414 et
719 362 836 431 precario
849 380 894 416 rex
906 379 974 444 sum,

64 432 109 484 cui
127 448 178 484 non
197 431 356 501 alloquendi,
370 448 422 482 non
437 432 573 484 noscendi¹
592 431 771 500 monendique
788 441 834 484 aut
853 433 973 485 intuendi

66 517 113 554 vos
124 500 167 570 jus
179 499 329 570 reliquistis.
365 501 500 569 Equidem
517 517 580 554 cum
592 502 658 553 alios
669 500 802 553 dimittere
816 502 841 553 in
854 503 974 573 patriam,

64 570 131 622 alios
149 587 256 626 mecum
270 569 347 638 paulo
395 579 418 622 st
430 570 580 640 deportare²
591 570 736 638 statuerim,
752 579 807 623 tam
819 569 878 624 illos
890 572 975 624 aocla-
997 591 1000 614 ι

64 650 172 710 mantes
184 639 270 708 video,
284 640 327 707 qni
346 655 362 690 a
383 639 442 692 ituri
455 648 523 709 sunt,
537 657 618 708 quam
636 640 692 707 hos,
705 655 767 692 cum
787 641 883 709 quibus
902 659 975 711 prae·

65 709 162 762 missos
174 707 300 777 subsequi
318 709 406 761 statui.
442 707 513 766 Quid
531 709 581 760 hoc
600 717 639 761 est
660 709 715 760 teil
734 707 831 777 dispari
850 711 875 762 in
894 729 975 763 causa

64 777 139 830 idem
157 779 278 831 cranium
291 777 389 830 clamor
401 777 458 829 est!
496 778 630 830 Pervelim
643 779 717 846 scire,
732 787 819 830 utrum
832 781 877 848 qui
891 781 975 832 disce·

64 845 139 916 dunt,
152 864 185 900 an
199 847 245 916 qui
258 848 409 915 retinentur,
423 844 458 898 de
471 863 515 898 me
527 856 678 916 querentur.
716 847 844 899 Crederes
862 865 913 900 uno
931 865 975 899 ote

64 933 161 970 omues
183 916 321 970 sustulisse
345 916 497 986 clamorem,
523 917 559 968 ita
582 917 679 987 pariter
708 931 743 968 ex
772 924 826 969 tcta
854 919 976 971 contione

64 1003 220 1055 responsum
234 993 282 1054 est,
295 1001 390 1038 omnes
401 985 485 1055 queri.

102 1059 141 1108 10.
160 1057 231 1108 Tum
248 1053 302 1124 ills,
316 1071 367 1107 non
387 1054 501 1123 hercule,
516 1055 608 1124 inquit,
621 1061 707 1124 potest
720 1055 784 1125 lieri,
798 1063 827 1110 ut
839 1055 977 1124 adducar,⁸

63 1123 195 1194 querendi
212 1123 292 1178 simul
310 1123 434 1178 omnibus
450 1123 520 1176 hanc
532 1140 641 1176 oausam
655 1141 722 1194 esse,
735 1141 816 1193 quarn
828 1125 974 1194 ostenditis,

63 1194 90 1246 in
114 1212 167 1273 qua
190 1192 273 1263 tnajor
295 1210 356 1262 pars
379 1193 512 1245 exercitus
535 1211 586 1246 non
609 1202 656 1261 est,
680 1203 770 1262 utpote
793 1197 867 1248 cum⁴
884 1195 976 1264 plures

63 1262 220 1331 dimrserim,
264 1279 324 1315 uam
351 1270 500 1315 retenturus
522 1279 591 1316 sum.
634 1262 730 1316 Subest
752 1264 878 1317 nimirum
895 1263 976 1316 altius

62 1331 174 1400 malum,
194 1281 264 1400 quoi
276 1347 370 1384 ornnes
381 1331 476 1384 avertit
487 1349 504 1384 a
516 1349 567 1384 me.
602 1331 712 1390 Quando
731 1333 802 1386 enirn
815 1350 905 1401 regem
918 1333 975 1386 uni·

63 1419 156 1454 versus
174 1400 290 1454 deseruit
303 1401 454 1454 exereitust
489 1403 531 1454 Ne
549 1403 618 1454 servi
635 1401 745 1472 quidem
757 1419 808 1456 uno
820 1420 900 1472 grege
918 1419 975 1472 pro·

62 1470 168 1537 lugiunt
180 1470 307 1539 dominos,
322 1469 369 1522 sed
382 1471 544 1540 estquidam
557 1473 583 1525 in
596 1470 647 1524 illis
658 1471 741 1542 pudor
753 1487 769 1524 a
781 1473 877 1525 ceteris
894 1472 975 1526 desti·

62 1550 134 1593 tutos
147 1539 319 1609 relinquendi.
357 1541 455 1593 Verum
475 1557 524 1608 ego
544 1550 599 1594 tam
617 1540 734 1595 >furiosae
758 1543 976 1594 consternationis

61 1609 167 1675 oblitus,
182 1609 302 1663 remedia
315 1608 507 1662 insanabilibus
518 1627 597 1662 conor
609 1609 748 1662 adhiberet
783 1612 898 1663 Omnem
916 1611 974 1662 her·

61 1679 123 1732 culs
135 1695 219 1748 spem,
232 1696 314 1748 quam
332 1695 367 1732 ex
386 1678 462 1731 vobis
480 1695 663 1748 conceperam,
677 1678 782 1747 damno,
796 1695 846 1732 nec
866 1688 894 1732 ut
912 1695 975 1732 cum

61 1748 191 1801 militibus
203 1750 279 1816 meis,
291 1747 347 1817 jam
360 1748 434 1800 enim
446 1763 506 1800 esse
519 1747 632 1816 desistis,
647 1747 693 1800 sed
713 1757 742 1800 ut
759 1765 822 1800 cum
835 1749 975 1817 ingratissi-

60 1819 114 1870 mis
125 1817 222 1886 operis⁵
234 1834 313 1885 agere
326 1814 443 1869 decrevi.
473 1815 602 1868 Secundis
612 1816 697 1885 rebus,
706 1833 776 1886 qnae
786 1818 975 1870 circumfluunt

60 1903 116 1954 vos,
143 1887 255 1938 insanire
279 1885 413 1954 coepistis,
438 1884 511 1937 obliti
536 1894 620 1938 status
648 1885 714 1954 ejus,
739 1903 821 1954 quern
845 1887 975 1940 beneficio

60 1955 173 2008 exuistis
185 1972 254 2024 meo,
268 1953 340 2021 digni
358 1954 474 2022 hercule,
487 1954 533 2022 qui
547 1954 574 2006 in
586 1953 683 2007 eodem
695 1956 897 2025 consenescatis,
911 1971 974 2026 quo-

60 2025 135 2078 niam
152 2022 257 2076 facilius
277 2031 317 2076 est
336 2023 412 2076 vobis
435 2023 585 2093 adversam,
604 2040 687 2093 quarn
711 2024 858 2078 secundam
883 2041 974 2092 regere

60 2093 204 2146 fortunam.
241 2093 282 2146 En
295 2091 420 2145 tandem!
452 2091 600 2161 lllyriorum
614 2093 691 2162 paulo
703 2103 766 2146 ante
786 2104 813 2146 et
834 2095 974 2147 Persarum

61 2162 203 2216 tributariis
221 2163 287 2215 Asia
307 2171 334 2214 et
356 2170 391 2214 tot
411 2162 531 2230 gentium
552 2162 635 2231 spolia
654 2162 761 2216 fastidio
785 2171 854 2217 sunt.
891 2163 974 2216 Modo

60 2233 110 2286 sub
124 2231 244 2301 Philippo
257 2232 405 2285 seminudis
422 2231 539 2284 amicula
557 2249 591 2284 ex
608 2247 723 2353 purpura
741 2233 868 2303 sordent,⁸
879 2249 974 2286 aurum

60 2311 88 2354 et
109 2310 248 2370 argentum
268 2301 336 2355 oculi
357 2300 426 2354 ferre
445 2317 497 2354 nou
518 2311 640 2370 possunt:
670 2303 748 2370 ignea
768 2303 839 2356 enirn
853 2319 916 2355 rasa
929 2304 975 2355 de-

59 2371 184 2438 siderant,
197 2379 224 2423 et
237 2387 270 2424 err
282 2369 398 2424 cratibus
410 2381 486 2424 scuta
504 2371 706 2440 robiginemque
724 2372 881 2441 gladiomrn.
918 2372 975 2424 Hoc

59 2441 133 2494 cultu
152 2441 267 2492 nitentes
285 2457 331 2492 vos
348 2440 450 2560 accepi,
470 2449 497 2494 et
515 2442 660 2510 quingenta
679 2440 778 2494 talenta
795 2443 864 2494 aeris
882 2441 972 2510 alieni,

59 2528 122 2564 curn
146 2510 232 2562 omnis
254 2513 327 2577 regia
350 2527 416 2578 supe
429 2509 472 2562 lex
496 2509 567 2562 haud
591 2511 708 2580 amplius
731 2528 812 2580 quam
836 2511 974 2578 sexaginta

59 2579 218 2632 talentorum
249 2588 328 2647 esset,
352 2595 472 2631 meorum
503 2595 614 2648 operum
644 2579 827 2632 fundamenta.
871 2580 974 2636 Quibus

60 2657 151 2702 tamen
175 2648 255 2718 (absit
280 2647 391 2718 invidia)
416 2647 557 2715 imperium
581 2648 716 2700 maximae
740 2657 870 2700 terrarum
895 2649 975 2717 partis

60 2717 193 2786 imposui.⁷
222 2718 346 2770 *Asiaene
370 2723 523 2785 pertaesum
547 2726 595 2785 est,
614 2733 683 2787 quae
708 2734 755 2770 ros
777 2717 860 2784 gloria
886 2733 973 2771 rerum

59 2798 195 2854 gestarum
214 2786 264 2839 diis
282 2803 360 2855 praes
377 2785 461 2838 fecit?
498 2785 528 2837 ln
546 2786 680 2855 Europam
694 2786 731 2842 ire
743 2787 897 2856 properatis,
911 2804 973 2855 rege

90 2910 97 2932 ¹
110 2905 274 2966 ‘Knowledge
285 2914 311 2952 to
321 2915 431 2964 separate
442 2905 483 2954 the
494 2921 539 2953 cuc
551 2906 612 2953 from
623 2906 664 2953 the
675 2906 761 2955 other.'

89 2968 99 2992 ²
111 2963 164 3010 ‘To
175 2965 243 3024 bring
255 2964 333 3012 back)
366 2964 395 3012 In
407 2964 448 3012 the
459 2965 606 3024 proposition
616 2968 645 3012 de
656 2964 723 3012 there
734 2965 755 3014 is
766 2965 865 3025 implied
876 2966 917 3014 the
929 2968 971 3016 ad-

60 3022 160 3070 ditional
175 3038 246 3070 sense
257 3023 284 3070 os
299 3023 405 3081 ‘home'
421 3028 461 3070 ‘to
472 3024 541 3072 one's
552 3025 633 3071 native
644 3025 767 3085 country,’
780 3041 807 3074 es
818 3025 843 3074 in
853 3027 969 3083 decedere,

60 3083 197 3208 ‘ieqiiehan
213 3154 286 3188 never
301 3142 331 3188 be
347 3141 470 3210 brought,⁴
483 3141 589 3210 hemely,
605 3146 645 3210 ‘to
655 3141 837 3193 beders-sn
852 3145 971 3194 omission

60 3198 140 3247 which
152 3215 171 3246 rs
184 3209 225 3246 not
237 3199 379 3258 unsrequent
391 3201 451 3248 wrth
463 3200 512 3248 thre
522 3215 671 3260 expressrou.

89 3257 250 3348 :liquivalent
262 3267 287 3338 i⁰
297 3275 348 3306 eum
359 3260 392 3319 by
402 3258 474 3306 itsell.
507 3258 736 3330 Comparezumpt,
749 3261 823 3313 ibli5¹

87 3317 318 3424 “Phrilhiihhwho
335 3385 375 3424 not
393 3374 450 3438 long
466 3391 520 3458 ago,
533 3377 610 3446 under
627 3377 716 3439 Philip,
734 3394 799 3428 were
815 3378 967 3436 half-nahah

59 3435 141 3495 purple
152 3435 236 3482 cloelis
247 3449 286 3482 ere
299 3450 353 3482 now
364 3451 484 3491 common,
511 3435 553 3483 ‘os
564 3436 626 3484 lrttle
637 3437 725 3486 valae!

87 3501 94 3522 ¹
105 3501 111 3521 ‘
122 3495 161 3542 On
173 3495 241 3544 these
253 3493 406 3545 foundations
417 3493 430 3542 1
441 3494 502 3543 have
514 3495 593 3545 raised
604 3495 646 3545 the
656 3495 767 3558 empirs,’
780 3495 828 3546 dte.

164 3557 197 3606 20
496 3557 539 3607 πὶ
