2314 3886
475 240 566 282 crass
586 241 649 282 sur.
954 226 1015 286 m

105 347 229 418 sepulcra
247 347 455 420 comprehendit.
491 350 603 404 Vetusta
619 350 699 404 cedro
717 355 792 404 erant
808 347 886 420 iacta,
901 363 1015 422 wacep

104 425 219 486 tumque
239 418 328 486 ignem
349 418 402 471 late
420 418 521 488 fudere,
535 418 619 472 donec
637 420 726 473 omnia
744 420 798 472 solo
813 427 926 488 aequata
943 429 1013 476 sunt.

106 486 143 539 Et
161 502 196 542 ex
214 487 279 540 urbe
297 487 412 555 primurn
432 489 657 557 canurnlatratus,
671 488 769 542 deinde
781 487 863 542 etiam
875 488 1014 546 hominum

104 555 231 610 fremitus
242 555 348 610 auditus
360 567 408 609 est.
426 558 496 610 Turn
509 565 536 610 et
548 557 671 626 oppidani
684 558 796 628 hostem,
809 565 837 610 et
849 557 1014 612 mcedcnes

16 665 17 680 i
105 625 142 677 ad
160 626 253 678 urbam
271 626 342 701 ipsos
360 627 465 679 venisse
483 635 651 696 cognoscunt.
685 629 800 696 Jamque
821 641 867 679 rex
884 626 1012 682 eduxerat

16 721 17 750 i
105 695 206 765 copias,
231 702 258 756 et
281 695 388 748 moenia
411 695 558 775 obsidebat,
582 696 783 776 cumnhcstium
803 696 849 817 pul
869 695 1013 752 discrimen

104 772 303 833 temptaverant
320 764 406 817 obruti
424 765 485 817 telis
503 775 571 819 sunt.
607 765 676 818 Alns
693 783 755 833 ergo
767 766 801 818 de
822 774 938 835 itionem,
951 765 1013 820 aliis

16 859 17 892 i
105 847 225 902 pugnam
248 834 361 903 experiri
386 833 524 903 placebat:
549 850 660 904 quorum
682 835 846 888 dubitatione
869 843 1011 905 comperta,

16 941 17 944 ,
105 902 288 955 circumsideri
307 912 408 956 tanturn
426 920 480 972 eos,
494 914 521 957 et
534 903 659 958 abstineri
677 904 807 958 caedibus
823 903 909 973 jussit.
944 904 1012 958 Tan-

16 1025 17 1028 ,
105 969 223 1040 demque
235 971 380 1025 obsidionis
392 973 469 1025 malis
481 973 581 1042 fatigati
595 971 722 1026 dedidere
733 989 771 1025 se.
798 975 823 1026 A
831 973 926 1026 Libero
936 973 1013 1026 Patre

105 1039 227 1093 conditos
240 1058 269 1093 se
281 1057 341 1094 essa
353 1041 495 1111 diceban13
514 1051 541 1095 et
553 1059 616 1095 vera
634 1041 701 1096 haec
719 1043 790 1111 origo
803 1050 868 1095 erat.
904 1041 960 1094 Sita
971 1051 1013 1096 est

15 1141 16 1174 ,
105 1108 158 1161 sub
171 1109 305 1163 radicibus
319 1104 423 1180 montis,
437 1129 519 1180 quem
537 1113 632 1164 Meron
649 1111 750 1164 incolae
768 1109 911 1181 appellant.
947 1110 1013 1164 Inde

105 1179 204 1231 Graeci
223 1179 368 1233 mentiendi
388 1191 490 1234 traxere
509 1180 652 1251 licentiam,
670 1182 744 1235 lovis
761 1181 870 1236 leminc¹
886 1179 1013 1234 Liberum

14 1307 15 1316 ἵ
107 1247 212 1302 Patrem
226 1265 285 1302 esse
297 1250 423 1302 celatum.

142 1321 184 1369 36.
204 1319 267 1387 Rex,
288 1318 339 1372 situ
360 1319 458 1371 montis
480 1320 586 1386 cognito
608 1337 643 1372 ex
662 1319 762 1388 incolis,
783 1335 846 1374 cum
867 1326 920 1373 toto
939 1335 1012 1372 exer·

14 1371 16 1426 Ϊ
106 1386 168 1453 citu,
182 1388 335 1456 praemissis
346 1388 547 1458 commeatibus,
556 1390 684 1442 verticem
697 1389 756 1458 ejus
767 1388 895 1444 aseendit.
925 1388 1013 1442 Multa

106 1455 207 1507 hedera
220 1457 334 1526 vitisque
346 1467 400 1509 toto
411 1457 527 1526 gignitur
538 1467 628 1511 monte
636 1475 643 1527 3
662 1458 764 1512 multae
780 1475 911 1527 perennes
926 1474 1012 1527 aquae

13 1583 15 1594 γ
105 1533 224 1577 manant.
262 1526 401 1580 Pomorum
414 1543 520 1596 quoque
532 1527 599 1580 varii
617 1527 790 1596 salubresque
808 1528 865 1580 suci
882 1536 950 1596 sunt,
964 1543 1014 1581 sua

106 1602 199 1662 sponte
218 1593 382 1648 fortuitorum
401 1595 535 1648 seminum
553 1597 642 1665 fruges
659 1596 741 1650 lrurno
759 1596 898 1649 nutriente.
935 1595 1014 1650 Lauri

13 1703 14 1730 ,
106 1661 291 1732 baccarisque²
302 1665 387 1718 multa
399 1663 426 1717 in
439 1665 490 1718 illis
510 1665 619 1734 rupibus
637 1665 750 1733 agrestis
766 1677 807 1718 est
819 1664 893 1718 silra.
930 1664 1013 1718 Credo

13 1771 14 1802 ,
106 1733 240 1801 equidem,
260 1751 310 1786 non
334 1735 422 1786 divino
446 1735 577 1802 instinctu,
598 1734 645 1787 scd
664 1733 773 1788 lascivia
790 1749 850 1787 esse
868 1742 1012 1803 prorectca

13 1839 14 1858 ,
106 1809 136 1852 ut
154 1804 254 1870 passim
274 1802 390 1855 hederae
408 1819 440 1854 ac
452 1804 546 1856 vitium
567 1803 631 1856 folia
648 1803 829 1872 decerperent,
843 1803 1013 1926 redimititpue

106 1869 198 1922 fronde
208 1880 261 1923 toto
270 1887 377 1924 nemore
390 1871 492 1924 similes
502 1872 693 1926 bacchantibus
704 1882 869 1940 vagarentur.
898 1872 961 1924 Voci
984 1887 1014 1926 ua

107 1955 170 2006 ergo
183 1947 219 1991 tot
231 1940 343 2006 rniliurn,
357 1941 506 2010 praesidem
527 1942 642 1994 nemoris
661 1941 720 2011 ejus
737 1941 819 1995 deum
839 1941 1012 2009 adorantium,

12 2035 13 2084 3
106 2007 170 2077 juga
182 2008 279 2060 rnontis
291 2010 425 2078 collesque
437 2010 601 2078 resonabant,
614 2027 678 2064 cum
693 2019 750 2063 crta
768 2010 902 2064 licentiae
913 2009 1014 2080 paucis,

107 2087 137 2130 ut
155 2076 211 2129 iere
223 2077 259 2146 fir,
274 2078 301 2130 in
318 2077 411 2131 onlnes
428 2093 458 2131 sa
476 2089 585 2148 repente
597 2079 740 2148 culpasset.
775 2079 880 2150 Quippe
897 2079 1013 2134 velutin

108 2146 197 2199 media
220 2163 294 2216 pace,
316 2163 363 2216 per
388 2147 484 2201 herbas
506 2159 696 2220 aggestamqua
714 2148 834 2202 frondem
852 2157 1014 2219 prostravere

12 2261 13 2278 ,
108 2231 224 2284 corpora.
263 2217 295 2269 Et
307 2233 353 2270 rex
365 2217 497 2270 fortuitam
516 2217 646 2272 laetitiam
663 2233 715 2272 non
732 2227 876 2288 aversatus,
890 2217 961 2286 large
979 2216 1014 2270 ad

12 2283 13 2342 ζ
108 2285 201 2354 epulas
212 2286 335 2338 omnibus
346 2287 479 2356 praebitis,
492 2287 644 2356 perdecem
658 2288 717 2340 dias
728 2288 823 2341 Libero
836 2288 906 2342 Patri
924 2302 1014 2356 opera·

12 2353 13 2416 ζ
109 2361 164 2408 tum
178 2354 269 2407 habuit
281 2357 448 2409 exercitum?
476 2357 543 2416 Quis
554 2365 641 2426 neget,
651 2358 777 2411 eximiam
789 2373 894 2426 qnoque
905 2355 1015 2425 gloriam

109 2424 215 2546 saepius
232 2424 360 2505 fortunae,
374 2442 454 2495 quarn
468 2427 580 2506 virtutis,
593 2439 653 2480 esse
665 2427 846 2506 beneliciurul
863 2427 962 2495 quippe
979 2439 1014 2504 pe

108 2503 248 2564 spuentes
264 2494 373 2564 quidem
391 2505 418 2547 et
436 2503 535 2565 sopitos
551 2513 625 2548 mero
637 2496 747 2564 aggredi
763 2511 845 2550 ausus
862 2504 903 2548 est
920 2495 1011 2564 bostra,

349 2603 362 2606 ..
369 2601 546 2608 ..-..-.-..,.-..
919 2599 1013 2608 ι--ι-ο

138 2665 144 2687 ¹
156 2657 183 2706 In
197 2659 287 2714 Greek,
302 2658 343 2706 the
358 2657 426 2718 thigh
443 2664 451 2711 (
454 2660 540 2718 semar)
551 2658 572 2705 is
583 2657 660 2706 called
661 2665 739 2766 pppis
771 2657 844 2714 Here,
857 2656 923 2713 than.
936 2658 962 2705 in
973 2657 1014 2706 the

109 2719 278 2766 mountainous
289 2717 382 2766 district
392 2733 423 2764 cn
435 2716 475 2764 the
488 2717 557 2764 north
568 2717 597 2765 ol
607 2717 649 2764 the
715 2717 741 2764 ul
754 2717 837 2772 atvar,
850 2716 930 2764 which
946 2716 1015 2765 flows

110 2776 212 2838 through
225 2793 238 2824 a
249 2776 341 2824 fruitsnl
352 2776 398 2824 and
407 2775 515 2834 pleasant
524 2786 634 2835 country,
644 2775 691 2824 and
702 2776 756 2824 lalls
765 2777 815 2824 into
824 2776 865 2824 the
875 2775 950 2824 Indus
958 2790 1015 2824 near

110 2835 197 2891 Artori,
211 2835 277 2890 here,
288 2851 326 2882 we
337 2848 389 2903 say,
400 2836 441 2882 the
454 2833 626 2882 Macedonicus
638 2835 740 2895 thought
751 2835 810 2894 they
818 2833 865 2882 had
876 2833 1016 2882 discovered

110 2893 150 2941 the
161 2895 293 2953 birtbplace
304 2894 332 2942 ol
341 2893 471 2953 Dronysus,
485 2893 531 2940 and
543 2893 584 2941 tha
595 2893 746 2952 explanation
757 2893 785 2941 of
796 2894 837 2942 the
847 2892 910 2941 sabla
921 2893 972 2942 that
984 2892 1015 2940 he

110 2951 156 3000 had
167 2967 234 3000 corne
245 2962 287 3000 out
298 2953 327 3000 cs
333 2954 374 3001 the
385 2953 453 3014 thigh
463 2951 491 3000 ol
499 2952 571 3000 Zeus.
592 2953 648 2999 'l'hc
657 2951 781 3000 mountain
789 2961 815 3000 to
824 2951 902 3000 which
912 2951 1016 3016 allusion

110 3011 210 3059 ismede
222 3023 285 3060 must
297 3013 328 3059 be
337 3027 415 3071 aspur
423 3010 451 3058 os
458 3011 498 3058 the
508 3011 578 3060 chain
586 3011 734 3059 Hindulrush
741 3011 790 3065 (the
798 3009 883 3060 Indian
890 3010 1015 3060 Caucasus

110 3085 141 3117 on
152 3069 200 3117 this
211 3069 262 3117 side
273 3070 314 3118 the
326 3069 418 3125 Indus).
451 3069 498 3117 We
510 3069 631 3123 moderna.
644 3071 668 3118 in
679 3070 775 3128 Europe
786 3079 810 3118 at
824 3070 893 3128 least,
906 3085 946 3119 ara
957 3083 1015 3130 very

14 3133 16 3136 '
110 3128 135 3177 ill
146 3128 287 3187 acquaiated
299 3129 357 3176 with
369 3129 409 3178 tlte
421 3130 558 3190 geography
570 3128 597 3178 cf
604 3129 654 3177 that
666 3141 718 3190 part
729 3129 757 3177 os
764 3129 840 3178 India.

137 3208 243 3258 'Boccor
253 3209 273 3256 is
284 3225 299 3256 a
308 3208 382 3258 shruh
394 3209 453 3258 with
463 3207 568 3269 fragrant
579 3218 651 3257 roots.
684 3207 732 3256 We
743 3223 783 3256 are
793 3207 850 3257 hero
862 3205 911 3256 told
922 3205 974 3255 that
984 3219 1016 3256 su

110 3269 219 3321 absolute
230 3266 343 3316 forestes
354 3268 403 3316 this
413 3268 487 3319 shrub
498 3268 546 3316 and
556 3267 585 3316 of
596 3268 637 3316 the
648 3265 723 3316 laurel
733 3266 781 3316 had
790 3282 881 3327 sprung
891 3280 932 3324 up.

137 3347 236 3406 ’‘Kept
252 3347 319 3395 thern
330 3346 438 3415 engaged
450 3345 473 3394 in
487 3347 529 3395 the
539 3346 645 3406 worship
659 3345 688 3394 of
699 3345 791 3394 Father
801 3345 874 3394 Liber
884 3341 1013 3399 (Brochtrs.

110 3406 258 3468 Dioaysastss
291 3405 391 3468 Opmri
398 3421 420 3454 rs
431 3406 471 3454 the
482 3421 568 3466 proper
577 3415 639 3454 term
648 3405 684 3455 sor
692 3405 807 3466 religious
816 3403 931 3459 services,
941 3399 1014 3452 aare

110 3465 177 3524 lices,
189 3481 298 3527 prayers‚
310 3464 357 3514 and
368 3464 453 3516 sacred
461 3480 554 3528 gamas
