2410 3890
169 226 225 282 124
430 239 469 280 aa
493 239 600 282 caenis
621 239 806 283 acsxsunnr.

166 349 290 402 tariomm
307 365 404 401 manus
420 357 542 428 quattuor
561 349 633 404 milia
650 347 818 418 expleverat:
842 355 946 418 preater
964 345 1013 402 hos
1031 345 1070 404 llf

166 417 241 472 milia
257 426 284 470 et
303 417 365 471 CCC
383 425 485 487 equites
499 426 581 487 erant,
597 418 713 472 maxime
732 417 937 471 Bactrianorum.
972 417 1070 470 Bessus

166 495 293 556 praeerat,
313 486 467 540 Bactrianae
487 487 598 554 regionis
617 485 776 556 praefectus.
811 486 877 540 Cum
895 485 946 540 hoc
962 487 1069 555 agmine

167 555 275 625 paulum
287 556 429 609 declinavit
441 556 485 608 via
497 555 612 625 militari,
624 556 704 625 jussis
735 554 875 608 raecedere
887 554 947 608 lixis
960 554 1069 624 impedi·

167 634 368 694 mentorumque
379 623 541 678 custodibus.
577 625 689 678 Consilio
725 625 802 677 einde
821 624 955 692 advocato,
969 623 1071 680 sicum

167 693 277 762 ignavis,
291 695 383 764 inquit,
396 703 423 746 et
436 693 517 762 pluris
533 695 746 762 qualemcunque
759 695 850 746 vitam¹
862 694 972 748 honesta
987 705 1070 748 morte

167 763 371 816 aestimantibus
381 763 484 816 fortuna
497 763 634 832 junxisset,
648 773 764 816 tacerem
776 765 870 832 potius,
884 778 965 832 quam
976 762 1073 817 frustra

168 833 248 884 verba
266 848 458 885 consumerem.
501 831 553 886 Sed
572 831 678 901 majore,
691 849 773 900 quam
786 832 902 901 vellem,²
914 832 1071 884 documento

168 911 193 954 et
207 902 329 955 virtutem
341 909 466 970 vestram,
482 910 509 954 et
526 899 609 954 fidem
623 914 756 970 expertus,
774 902 860 970 magis
876 902 959 954 etiam
976 901 1073 972 opnniti

167 970 261 1039 debeo,
274 979 301 1024 ut
313 970 408 1038 dignus
419 969 516 1024 talibus
527 969 623 1024 amicis
633 969 693 1039 sim,
706 987 785 1039 quam
804 969 933 1038 dubitare,
946 987 979 1024 an
992 970 1072 1024 vestri

167 1038 270 1092 similes
281 1038 370 1092 adhuc
382 1039 445 1092 sitis.
475 1041 517 1094 Ex
529 1047 566 1092 tot
577 1038 693 1109 milibus,
706 1055 773 1108 quae
786 1039 835 1092 suh
847 1039 955 1112 imperio
967 1037 1073 1092 fuerunt

167 1125 236 1178 meo,
256 1108 297 1163 bis
314 1125 359 1162 me
377 1109 484 1176 victum,
505 1108 546 1162 his
563 1107 710 1177 fugientem
730 1109 861 1178 persecuti
878 1109 954 1160 estis.
991 1109 1073 1162 Fides

167 1188 255 1231 vestra
267 1186 294 1230 et
305 1178 457 1248 constantia,
471 1186 500 1230 ut
512 1194 602 1246 regem
614 1195 658 1230 me
671 1194 730 1230 esse
748 1177 863 1246 credam,
876 1177 949 1230 facit.
985 1177 1073 1230 Prodi·

167 1254 237 1299 tores
248 1255 275 1300 et
288 1245 436 1314 transfugae
449 1249 474 1300 in
487 1246 596 1300 urbibus
607 1247 675 1300 meis
687 1255 808 1316 regnant:
828 1264 879 1300 uon
892 1245 999 1299 hercule
1011 1247 1073 1316 quia

168 1324 239 1370 tanto
256 1315 354 1370 horrore
371 1315 445 1384 digni
463 1316 612 1386 habentur,8
626 1315 677 1368 'sed
695 1325 723 1368 ut
742 1315 866 1386 praemiis
884 1332 974 1369 eorum
994 1317 1073 1369 vestri

167 1384 339 1438 sollicitentur
358 1385 449 1440 animi.
492 1385 590 1438 Meam
605 1385 737 1438 fortunam
756 1394 847 1438 tamen
867 1402 948 1454 quam
968 1386 1074 1440 victoris

167 1453 298 1509 maluistis
309 1453 383 1524 sequi
405 1453 560 1524 dignissimi,
573 1455 676 1524 quibus,
690 1455 712 1507 si
724 1470 772 1522 ego
790 1471 841 1508 non
860 1455 966 1523 possim,
978 1454 1073 1526 diipro

167 1539 212 1576 me
223 1523 333 1590 gratiam
348 1493 469 1577 referant.
504 1523 537 1578 Et
549 1522 703 1577 mehercule
716 1523 837 1576 referent.
867 1523 947 1576 Nulla
958 1525 1006 1576 erit
1019 1533 1073 1578 tam

167 1594 246 1646 surda
292 1593 403 1662 staritas,
415 1592 488 1646 nulla
505 1601 561 1648 tam
579 1593 680 1662 ingrata
692 1593 772 1663 fama,
786 1609 854 1662 quoe
865 1608 917 1645 uon
929 1593 956 1646 in
968 1592 1073 1648 coelum

167 1678 215 1715 voa
226 1662 260 1714 de
281 1662 323 1715 itis
334 1662 458 1716 laudibus
469 1661 544 1716 ferat.

204 1735 245 1784 25.
264 1731 356 1800 Itaque
369 1731 475 1786 etiamsi
486 1729 625 1786 consilium
638 1730 725 1810 fugae,
735 1748 751 1782 a
760 1747 812 1852 qua
823 1731 937 1784 multum
949 1729 1073 1786 abhorret

167 1801 280 1871 animus,
292 1801 442 1872 agitassem,
455 1809 544 1854 vestra
555 1809 644 1854 tamen
658 1808 752 1853 virtute
780 1808 851 1853 retus
866 1800 972 1854 obviam
990 1801 1073 1856 issem

167 1870 245 1924 hosti.
281 1869 424 1940 Quousque
442 1869 554 1924 enimin
568 1886 646 1940 regno
658 1868 778 1938 exulabo,
791 1876 818 1921 et
833 1886 881 1938 par
892 1871 959 1926 fines
971 1870 1073 1940 imperii

168 1940 222 2004 mei
235 1939 334 2008 fugiam
347 1953 486 1994 externum
497 1949 524 1993 et
535 1938 666 1994 advenam
679 1938 789 2006 regemf
801 1955 862 1992 curn
875 1938 954 1992 liceat
966 1947 1073 2010 experto

167 2008 233 2062 belli
252 2009 383 2062 fortunam
402 2019 448 2063 sut
467 2026 589 2089 reperere
607 2025 676 2078 quae
695 2007 780 2077 amisi,
798 2016 845 2061 aut
861 2007 972 2062 honesta
989 2017 1072 2062 morta

168 2078 296 2146 deiungi.⁴
330 2077 365 2131 Ni
377 2078 443 2130 forte
455 2087 536 2132 satius
554 2087 593 2132 ost
611 2086 752 2148 expectare
764 2075 870 2131 victoris
884 2077 1031 2148 arbitrium,
1044 2085 1072 2130 et

169 2147 275 2200 Mazaei
298 2154 325 2200 et
348 2145 490 2200 Mithrenis
509 2163 586 2200 exem
607 2146 632 2198 lo
670 2146 801 2199 recarium
819 2146 940 2218 accipere
962 2163 1072 2215 reguum

169 2216 280 2268 nationis
302 2215 394 2268 unius:
418 2217 458 2268 ut⁶
475 2214 531 2284 jam
549 2163 624 2268 malit
644 2163 688 2268 ille
707 2214 806 2282 gloriae
825 2231 897 2285 suae,
917 2232 997 2285 quam
1018 2217 1072 2270 irae

168 2283 288 2352 obsequi.
329 2285 388 2337 Nec
410 2282 447 2336 dii
470 2284 583 2352 siverint,
605 2291 634 2336 ut
655 2283 705 2336 hoc
725 2281 808 2346 decue
828 2285 883 2338 moi
905 2285 1009 2354 capitis⁶
1026 2294 1072 2338 aut

168 2353 276 2406 demere
289 2352 354 2405 mihi
366 2352 507 2422 quisquam
524 2361 569 2406 aut
587 2351 733 2408 condonare
749 2353 845 2421 possit:
865 2370 914 2408 uec
926 2353 976 2407 hoc
989 2355 1072 2424 impe·

170 2423 237 2476 rium
257 2424 333 2475 vivus
355 2421 485 2490 amittam,
505 2421 630 2492 idemque
650 2421 700 2474 erit
719 2422 792 2490 regni
811 2422 873 2491 mei,
892 2423 939 2492 qui
957 2424 1070 2503 spiritus,

168 2492 246 2546 finis.⁷
281 2491 306 2544 si
325 2491 369 2544 hio
386 2491 499 2560 animur,
518 2491 540 2544 si
557 2491 624 2544 haec
641 2490 693 2561 lea,
712 2490 777 2544 nulli
797 2508 848 2544 non
866 2501 941 2562 parta
961 2492 1071 2548 libertae

170 2665 206 2755 G·
219 2647 327 2759 ἈςΙίῙῐέἰ
347 2647 372 2696 iu
390 2646 513 2696 whatever
530 2649 718 2698 circumstances
736 2648 754 2698 it
773 2664 829 2709 nray
846 2649 877 2698 be
895 2650 983 2710 spent!
1023 2649 1070 2698 Sea

195 2725 249 2755 ΓΜ.
331 2742 336 2755 ι

196 2771 264 2818 ’For
274 2771 322 2819 this
332 2771 493 2830 subjunctive,
505 2786 546 2818 see
559 2771 637 2820 Groui.
649 2771 664 2825 i
674 2775 726 2828 360,
739 2775 762 2829 3,
775 2780 832 2820 nota
844 2776 864 2820 l.

196 2834 330 2895 ³Property
340 2839 475 2884 mater.
506 2835 553 2884 See
565 2836 662 2896 Zumpt,
674 2836 689 2890 i
699 2840 752 2887 537.

196 2904 205 2928 ⁴
217 2898 271 2969 ‘'l'o
282 2899 337 2968 die!
369 2898 433 2948 Both
443 2909 516 2948 morta
525 2899 571 2948 aud
581 2903 630 2968 pito
640 2903 740 2970 defungi
749 2915 794 2950 can
804 2903 834 2949 be
845 2901 1022 2984 said‚,becaus‚e
1031 2905 1069 2950 de·

166 2957 1070 3122 ftursstqttsstttudiffulsit?theudulfi.lt

168 3089 264 3124 senseo
292 3080 298 3101 ⁶
321 3090 350 3122 ea
368 3075 382 3122 .’

198 3148 206 3172 ⁵
218 3137 346 3199 ‘Granring
355 3138 422 3186 that.¹
456 3139 511 3188 The
522 3138 575 3187 four
583 3155 666 3188 senses
677 3140 702 3204 in
712 3140 790 3189 which
801 3151 827 3190 ot
838 3141 959 3204 regularly
967 3157 1069 3204 goveros

170 3199 210 3248 the
226 3198 378 3258 subjunctive
389 3213 438 3254 are,
453 3197 492 3245 ‘iu
501 3198 571 3246 order
579 3199 651 3253 that,’
667 3204 709 3247 ‘so
719 3199 790 3254 that,’
806 3202 930 3262 ‘granting
940 3202 1011 3260 that,’
1023 3201 1070 3252 aad

172 3257 250 3307 ‘hotv’
263 3257 288 3305 in
298 3271 328 3304 an
339 3255 438 3304 indirect
448 3257 567 3316 question.
598 3257 645 3305 See
658 3257 738 3307 Gran.
749 3258 824 3315 im,
836 3269 892 3310 note
904 3265 925 3309 1.

196 3321 332 3380 ⁸Namsly,
345 3319 386 3368 the
396 3322 493 3376 cidaris,
505 3336 532 3368 or
541 3321 638 3382 upright
649 3321 715 3370 tiara.
746 3323 871 3373 Sestius.
1024 3350 1037 3364 ·

197 3392 224 3444 '.⁴
233 3385 278 3446 My
292 3392 451 3453 govemment
466 3384 517 3432 will
532 3384 579 3432 end
594 3383 653 3434 with
669 3401 710 3467 mp
725 3387 809 3436 hraeth
825 3388 886 3444 (that
902 3388 932 3445 is,
950 3387 1023 3448 life);'
1045 3389 1071 3444 ‘l

168 3445 230 3494 shall
241 3459 310 3494 cesse
321 3454 347 3492 to
357 3443 404 3493 lrve
415 3441 509 3492 wheul
521 3457 590 3492 cesse
600 3453 626 3492 to
636 3444 696 3493 mle.
737 3446 982 3508 seezompntror.
