2314 3886
466 257 559 314 mean
578 259 642 302 rur.
943 242 1003 300 2⁶7

98 372 234 434 moveram
250 381 312 421 cum
332 363 369 434 hi,
380 364 428 488 qui
445 381 538 420 currus
556 366 678 435 agebant,
690 365 766 420 illod¹
786 365 907 420 ultimum
928 365 1002 420 auxi·

98 433 161 490 lium
175 451 282 488 suorum
295 436 350 503 rati,
364 453 380 488 e
402 434 458 487 usis
469 435 583 490 habenis
595 435 620 488 in
633 435 752 489 medium
765 434 907 488 discrimen
926 449 1001 487 ruere

98 513 248 574 coeperunt.
284 505 393 573 Anceps
410 503 436 558 id
456 504 555 558 malurn
568 505 685 573 utrisque
697 515 767 558 erat:
786 513 893 558 namet
910 504 1001 557 Mace·

97 571 194 628 donum
218 572 323 643 pedites
345 573 430 642 primo
450 573 553 643 impetu
573 573 767 642 obterebantur,
787 581 813 626 et
833 590 880 643 per
900 573 1001 642 lubrica

97 651 176 712 atque
195 644 266 696 invia
285 642 397 696 immissi
416 659 506 696 currus
526 643 706 696 excutiebant²
718 643 908 712 eoqaquibus
929 659 1001 711 rege·

96 709 207 766 bantur:
228 711 339 766 aliorum
362 711 459 766 turbati
478 713 540 782 equi
560 729 609 765 non
631 714 657 766 in
677 713 814 782 voragines
832 711 911 765 modo
930 711 1001 764 lacu·

96 798 204 850 namus,
218 781 264 834 sed
277 781 359 834 etiam
372 780 400 836 iu
411 799 519 836 amnem
532 781 622 851 praeci
641 783 739 836 itavere
751 779 878 835 curricula
887 781 905 848 3³
923 782 1000 850 pauci

96 851 156 930 telis
168 851 283 904 hostium
292 851 379 906 exacti
388 860 561 921 penetravere
573 851 608 904 ad
620 800 716 906 dorum
734 850 867 906 acerrime
883 867 1000 920 pugnam

95 931 220 976 cientem.
955 923 961 934 ⁶

128 995 172 1044 48.
190 990 224 1058 ls,
238 997 266 1042 ut
284 988 427 1059 dissipatos
445 996 500 1044 tota
510 989 570 1043 acie
582 1007 674 1043 currus
755 989 845 1043 risina
859 988 1001 1042 rectoribus

94 1059 168 1127 vidit,
188 1059 314 1128 proximis
337 1059 483 1112 amicorum
506 1058 641 1114 distribuit
664 1059 724 1130 elep
761 1068 827 1114 utos.
871 1060 932 1112 Post
956 1074 1002 1111 eos

127 1137 216 1181 suerat
233 1127 349 1196 peditem
368 1145 400 1182 ac
418 1128 568 1196 sagittarios
585 1138 612 1181 et
630 1137 757 1199 tympana
780 1127 885 1198 pulsare
903 1126 1000 1180 solitos.

93 1145 182 1267 ldpro
194 1208 273 1250 cantu
287 1197 409 1252 tubarum
430 1197 504 1250 Indis
516 1207 580 1266 erat,
593 1215 644 1250 nec
664 1198 775 1267 strepitu
795 1214 889 1252 eorum
910 1213 1000 1272 move·

93 1267 208 1334 bantur,⁴
226 1266 290 1320 clim
302 1268 336 1320 ad
348 1277 440 1320 uotum
457 1283 552 1320 sunum
570 1267 678 1320 auribus
696 1267 833 1337 mitigatis.
869 1266 1001 1318 Herculis⁵

93 1336 263 1391 simulacrum
283 1335 382 1405 agmini
400 1335 521 1405 peditum
542 1336 750 1406 praeferebatur.
797 1336 827 1391 ld
852 1336 999 1389 maximum

92 1416 147 1460 erat
161 1405 322 1460 bellantibus
340 1405 551 1474 incitamentum,
565 1415 592 1458 et
611 1406 760 1460 deseruisse
777 1415 913 1475 gestantes
932 1404 999 1458 mili·

92 1484 147 1528 tare
166 1475 296 1543 flagitium
315 1475 471 1528 habebatur.
507 1475 608 1546 Capitis
627 1477 709 1530 etiam
730 1485 870 1530 sanxerant
884 1491 999 1544 poenam

91 1544 142 1613 his,
155 1544 200 1613 qui
221 1561 255 1597 ex
274 1544 334 1598 acie
352 1560 404 1598 non
424 1543 594 1614 rettulissent,
609 1555 690 1615 metu,
703 1561 785 1614 quem
806 1563 839 1600 ex
859 1545 905 1599 illo
923 1545 999 1598 hoste

90 1614 224 1682 quondam
236 1622 420 1684 conceperant,
433 1615 515 1668 etiam
536 1615 563 1666 iu
582 1613 736 1682 religionem
747 1616 999 1682 venerationemque

89 1699 223 1737 converso.
259 1683 425 1736 Macedonas
443 1699 495 1736 non
508 1683 645 1736 beluarum
659 1682 745 1752 modo,
759 1683 807 1736 sed
823 1684 904 1736 etiam
917 1684 999 1752 ipsius

89 1754 160 1820 regis
177 1762 303 1824 aspectus
320 1769 462 1831 pammper
486 1751 608 1804 inhibuit.
647 1751 746 1806 Beluae
767 1752 911 1822 dispositae
932 1753 1000 1804 inter

87 1831 203 1876 armatos
222 1821 343 1891 speciem
360 1829 475 1874 turrium
488 1820 579 1890 procul
604 1819 732 1880 fecerant.
767 1822 828 1891 lpse
847 1821 929 1874 Porus
951 1821 999 1875 hu·

87 1907 183 1944 manee
195 1889 386 1958 magnitudinis
399 1889 591 1960 propemodum
600 1901 752 1945 excesserat
762 1891 886 1944 formam.
922 1891 998 1959 Mag-

87 1959 201 2012 uitudini
223 1959 281 2012 Pori
300 1958 416 2027 adjicere
436 1958 576 2012 videbatur
595 1957 682 2029 belua,
695 1976 748 2038 qua
768 1957 921 2029 vehebatur,
943 1966 998 2014 tau·

88 2036 145 2082 tum
169 2029 238 2082 inter
262 2035 365 2082 ceteras
388 2028 517 2096 eminens,
542 2027 650 2096 quanto!
674 2027 734 2084 aliis
757 2028 815 2100 ipse
837 2029 997 2098 praestabat.

87 2097 180 2166 Itaque
209 2095 370 2166 Alexander,
395 2097 592 2166 contemplatus
621 2106 648 2150 et
671 2114 762 2166 regern
786 2107 813 2152 et
836 2115 932 2166 agmen
957 2100 998 2152 lu·

86 2165 189 2234 dorum,
211 2165 342 2236 Tandem,
364 2166 456 2236 iuquit,
478 2185 526 2237 par
548 2168 636 2220 animo
659 2185 721 2230 meo
740 2166 890 2238 periculum
911 2168 997 2222 video.

86 2236 156 2290 Cum
169 2234 264 2290 bestiis
280 2235 361 2290 simul
374 2245 401 2290 et
413 2253 477 2290 curu
489 2236 606 2304 egregiis
618 2236 682 2290 viris
695 2254 737 2290 res
749 2246 799 2291 eet.
835 2238 997 2307 Intuensque

86 2305 292 2374 coenonema
313 2306 486 2376 egqiuquit,
511 2306 665 2360 Ptolemaeo
690 2306 870 2376 Perdiccaque
895 2317 922 2362 et
945 2308 997 2360 He·

89 2372 257 2442 pheestiene⁷
276 2374 419 2430 comitatus
442 2375 471 2428 in
493 2375 602 2430 laevum
624 2376 744 2430 hostium
764 2394 845 2432 cornu
865 2376 997 2447 impetum

115 2505 181 2553 ¹We
191 2519 235 2566 say
249 2503 336 2552 ‘thiar'
352 2503 516 2566 ‘considering
527 2505 575 2553 this
587 2506 700 2566 (namely‚
713 2506 778 2554 what
795 2507 808 2554 I
823 2523 863 2554 am
882 2508 955 2554 about
971 2518 997 2555 to

84 2565 201 2618 mention)
213 2579 239 2611 es
251 2561 291 2610 the
303 2561 349 2611 lest
361 2579 444 2612 means
455 2562 482 2611 ol
490 2563 604 2624 assistiug
613 2565 674 2612 their
685 2565 827 2613 comedes!
858 2565 906 2614 But
919 2566 942 2613 in
954 2566 996 2614 ths

84 2623 205 2671 narratiou
217 2621 245 2670 os
251 2630 304 2681 past
316 2631 410 2678 events,
422 2623 466 2678 tic,
479 2623 539 2669 with
550 2623 582 2670 its
593 2624 756 2681 correlatives,
769 2623 875 2685 changes
886 2625 937 2672 ints
947 2627 995 2674 ille.

86 2682 274 2802 Saehzyuiirdd'eir
281 2685 390 2800 iir³shgss
400 2739 462 2788 from
473 2755 519 2788 one
530 2740 647 2792 directior
658 2751 683 2788 to
693 2741 802 2790 another.
825 2768 833 2786 .

112 2813 261 2862 ’‘Chariots
269 2812 286 2860 ι’
298 2812 322 2860 in
333 2812 375 2860 tlre
385 2812 500 2881 singular,
515 2817 544 2860 ‘a
554 2812 711 2882 horse-raca‚’
723 2829 751 2863 or
762 2818 791 2862 ‘a
801 2787 970 2864 raca-charse'

86 2873 224 2980 bds'upp'i
235 2873 362 2980 stephani,
380 2871 460 2921 which
476 2887 540 2920 were
561 2883 602 2922 not
620 2873 715 2922 exorted
730 2888 758 2922 or
773 2873 880 2922 alarmed
895 2874 927 2935 by
943 2874 992 2924 this

120 2943 169 2979 ann
196 2947 210 2980 c
251 2946 325 2979 rurus.

116 2945 258 3038 ‘Nogdoubt
271 2989 311 3037 the
323 2989 398 3051 figure
409 2989 438 3038 of
449 3006 479 3038 an
490 2989 575 3038 Indieu
586 2990 642 3052 god,
654 2991 736 3040 whom
747 2990 789 3040 the
801 2989 896 3041 Greeks
906 2991 991 3042 identi-

84 3047 133 3098 fied
146 3047 204 3095 with
216 3048 277 3096 their
289 3048 411 3097 Heraclea.
443 3049 466 3098 lt
478 3065 529 3098 was
545 3050 662 3110 probably
674 3051 786 3107 Crishua,
800 3067 829 3099 nn
845 3051 992 3100 incarnation

83 3108 112 3157 of
121 3107 216 3154 Vishuu
227 3106 255 3154 ol
262 3107 342 3156 whom
354 3108 394 3156 the
405 3107 491 3157 Indian
501 3109 643 3170 mythology
654 3110 741 3160 relatos
751 3109 855 3170 exploits
865 3111 956 3160 similar
967 3120 992 3160 to

83 3167 156 3216 those
167 3165 195 3213 ol
208 3165 330 3213 Heraclea.

113 3231 122 3256 ⁸
134 3232 139 3251 ¹
149 3223 187 3285 By
199 3224 254 3271 how
266 3224 357 3280 mnoh‚'
370 3240 397 3273 or
409 3227 456 3286 ‘by
467 3243 494 3274 aa
505 3227 578 3276 much
589 3228 638 3277 es:'
655 3238 769 3290 quantam
779 3228 856 3290 might
867 3227 920 3278 also
929 3228 991 3277 hare

83 3286 147 3332 been
159 3281 225 3332 need.
258 3283 305 3331 See
318 3281 415 3344 Zumpt,
428 3285 502 3343 ttae,
516 3296 571 3336 note
582 3291 604 3335 2.

113 3364 121 3388 ¹
135 3358 273 3413 Comenses,
281 3357 359 3427 ,when
369 3359 429 3409 used
439 3361 560 3423 parsirely
571 3362 815 3425 <mosomensem
830 3362 943 3414 lollormd
958 3365 990 3426 by

83 3418 126 3466 the
138 3432 203 3466 mere
214 3418 328 3476 ablativa,
340 3428 383 3468 nct
393 3421 425 3481 by
435 3422 470 3470 ab.
560 3464 563 3470 ,

191 3481 221 3531 17
521 3484 563 3536 aa
