2410 3890
563 251 655 291 creua
671 251 714 292 rr.
869 291 875 300 ,
1051 237 1086 291 st

183 361 241 430 ipse
255 359 423 412 lacrimaret.
459 357 499 411 Ob
523 357 590 411 haec
615 361 673 428 ipsa
695 360 810 413 amantis
827 358 933 412 animus
951 359 977 414 in
996 360 1091 415 sollici·

182 431 301 484 tudinem
321 428 551 498 suspicionemque
570 430 704 482 revolutus
721 439 770 500 est,
789 429 951 482 desiderium
969 431 1090 500 captivae

182 500 298 570 prolecto
311 516 326 550 a
339 497 528 551 consuetudine
542 499 634 569 stupri¹
645 509 730 552 ortum
747 515 807 552 esse
819 498 978 569 conjectans.
1016 500 1091 554 Sum·

183 570 261 622 motis
280 569 358 636 igitur
370 567 482 631 arbitris,
498 584 548 618 uno
567 569 705 621 dumtaxat
723 569 829 639 Tyriote
843 577 951 637 retento,
964 569 1019 638 jam
1039 587 1090 631 non

183 640 257 708 flens,
278 638 323 690 sed
349 638 491 706 suspirans,
511 635 634 706 Videsne,
654 637 745 718 inquit,
765 638 880 708 Tyriote,
904 637 992 692 locum
1016 657 1090 692 men-

183 709 259 762 dacio
277 725 328 760 non
350 707 428 759 essel
447 715 577 758 tormenta
595 705 651 781 jam
670 707 715 760 luc
735 709 826 760 erunt:
846 706 894 760 sed
913 725 948 760 ne
967 720 1090 778 expecta·

182 777 405 846 verislperdeos,
420 773 518 844 siquid
535 777 584 830 trbr
602 784 640 829 tur
659 777 729 846 regis
747 777 923 830 reverentiae⁸
940 786 996 830 est:
1016 796 1089 848 num,

183 848 252 918 quod
262 858 288 899 et
301 847 368 898 scire
381 855 484 914 expete,
496 853 522 897 et
534 863 662 915 quaerere
674 846 764 916 pudet,
774 863 856 900 ausus
867 855 908 899 est
921 853 947 898 e't
960 846 1090 918 dominus,
1126 861 1129 865 ’

181 928 210 970 et
228 917 353 986 juvenisl
389 913 437 968 Ille
461 916 622 984 quaestioni}
637 933 731 986 corpus
749 915 851 986 offerre,
870 915 935 968 deos
952 923 1035 969 testes
1053 919 1090 970 iu·

182 1001 286 1054 vocare,
299 996 371 1038 caste
390 993 534 1053 sancteque
552 984 671 1046 habitam
689 1003 748 1039 esse
766 987 894 1056 reginam.
929 985 1050 1038 Tandem
1062 996 1090 1039 ut

120 1048 125 1070 ‘
182 1057 250 1110 fides
262 1055 333 1107 facta
345 1063 393 1124 est,
407 1071 469 1106 vera
482 1072 541 1108 esee
553 1073 622 1126 quae
641 1056 784 1114 affirmaret
795 1056 891 1137 spado,
904 1055 991 1123 capite
1003 1054 1090 1109 velato

183 1125 229 1178 diu
247 1125 329 1194 flevit,
349 1123 571 1194 manantibusque
591 1125 680 1178 adhuc
700 1125 824 1196 lacrimrs,
838 1133 913 1177 veste
934 1124 968 1177 ab
988 1141 1032 1176 ore
1051 1143 1090 1180 re·
1180 1157 1187 1178 .

181 1195 260 1265 jecta,
285 1195 318 1246 ad
346 1194 450 1246 coelum
476 1211 572 1248 manus
596 1195 714 1264 tendens,
743 1195 785 1250 Dii
845 1194 894 1264 trii,
920 1195 1012 1262 inquit,
1040 1195 1100 1264 pri-1

182 1281 259 1318 mum
277 1264 342 1317 mihi
361 1263 478 1316 stabilite
497 1281 622 1332 regnum:
642 1264 748 1334 deinde,
762 1264 785 1318 sl
816 1281 888 1317 erne
906 1264 963 1334 jam
976 1272 1090 1317 transac-

183 1343 239 1387 tum
252 1343 300 1403 est,
314 1349 413 1403 precor,
427 1349 461 1385 ne
473 1333 534 1402 quis
545 1333 633 1403 potius
650 1334 731 1387 Asiae
751 1351 798 1387 rex
816 1334 856 1404 sit,
870 1351 951 1406 quam
971 1334 1021 1386 iste
1034 1342 1089 1388 tam

180 1403 268 1474 justus
280 1403 371 1472 hostis,
384 1403 600 1457 tam'misen'cors
612 1404 703 1456 victor.

217 1471 262 1525 43.Ι
277 1474 369 1542 ltaque
386 1489 564 1542 quamquam,
583 1471 679 1526 frustra
702 1489 768 1542 pace
786 1471 829 1526 bis
845 1472 937 1542 petita,
956 1474 1044 1525 ornnia
1062 1474 1102 1526 in¹

182 1542 283 1595 bellum
295 1541 406 1595 consilia
421 1551 592 1612 converterat,
606 1543 693 1596 victus
710 1551 800 1595 tamen
817 1541 979 1594 continentia
997 1541 1088 1613 hostis,

181 1612 214 1664 ad
236 1627 318 1666 novas
335 1611 409 1680 pacis
427 1610 596 1665 condiciones
616 1611 740 1668 ferendas
758 1611 857 1664 decem
872 1611 980 1680 legatos,
994 1629 1089 1680 cogna-

182 1692 266 1734 torum
285 1681 426 1751 principes,
445 1679 534 1733 misit:
559 1699 625 1750 quos
643 1681 802 1750 Alexander,
824 1680 932 1734 consiliu
950 1682 1087 1750 advocato,

181 1751 310 1804 introduci
327 1750 412 1819 jussit.
431 1811 433 1813 ,
449 1750 472 1802 Ε
490 1749 587 1819 quihus
610 1751 742 1804 maximus
759 1759 829 1820 natu,
850 1751 974 1820 Dareum,
993 1751 1087 1820 inquit,

181 1831 209 1874 ut
236 1837 330 1891 paoem
348 1835 366 1871 a
382 1826 409 1871 ts
434 1817 490 1888 jam
517 1819 567 1872 hoc
591 1821 679 1873 tertio⁵
696 1829 805 1890 peteret,
825 1819 956 1872 nullaris·
974 1821 1087 1891 subegit,

181 1891 229 1944 sed
253 1889 355 1960 justitia
379 1897 407 1940 et
434 1887 594 1941 continentia
620 1889 757 1960 expressit.
794 1889 918 1957 Matrem,
937 1888 1086 1960 conjugem,

181 1961 277 2013 liberos
293 1959 361 2039 ffl'us,
375 1957 424 2012 nisi
442 1956 513 2027 quod
531 1959 587 2027 sine
606 1957 649 2010 illo
668 1967 736 2026 sunt,
749 1967 841 2027 captos
859 1974 917 2010 esse
936 1974 986 2011 non
1005 1959 1087 2010 sensi·

181 2045 257 2082 mus:
277 2027 421 2098 pudicitiae
439 2043 540 2097 earum,
554 2044 623 2096 quae
642 2037 789 2098 supersunt,
809 2044 898 2080 curam
919 2027 990 2080 haud
1008 2043 1088 2080 secus

180 2116 261 2168 quam
280 2114 375 2168 parens
392 2114 482 2166 agens,
496 2097 601 2166 reginas
619 2097 744 2167 appellas,
758 2098 878 2168 speciem
894 2097 1020 2168 pristinae
1037 2096 1087 2150 for·

180 2177 260 2220 tunae
285 2167 397 2219 retinere
421 2166 528 2237 pateris.
564 2163 772 2222 Vultum¹tuum
791 2166 877 2236 video,
897 2166 983 2236 qualis
1007 2167 1085 2220 Darei

179 2237 238 2308 luit,
258 2251 320 2290 oum
344 2235 540 2292 dimitteremur
563 2236 598 2290 ab
621 2254 667 2290 eo:
693 2245 719 2290 et
743 2237 795 2290 ille
811 2245 900 2290 tamen
921 2253 1038 2306 uxorem,
1059 2245 1091 2290 tu

179 2307 284 2360 hostem
302 2307 387 2374 luges.
422 2307 483 2360 lam
502 2307 528 2360 in
547 2307 604 2359 acie
629 2316 719 2376 stares,
739 2305 789 2360 nisi
808 2323 871 2359 cura
891 2315 916 2358 ts
932 2307 1087 2377 sepulturae

180 2376 238 2446 ejus
256 2383 409 2430 moraretur.
446 2375 549 2446 Ecquid
573 2376 671 2430 mirum
695 2387 742 2446 est,
763 2377 784 2429 si
802 2384 857 2429 tem
875 2375 910 2428 ab
927 2377 1014 2428 arnico
1031 2377 1086 2429 ani-

179 2446 233 2499 ιιιοο
245 2459 340 2516 pacem
352 2445 439 2514 petit?
458 2445 520 2516 quid
533 2463 600 2516 opus
620 2455 660 2499 est
672 2447 760 2516 armis,
779 2447 847 2497 inter
864 2461 929 2515 quos
947 2446 1007 2497 odia
1025 2445 1087 2499 sub·

179 2515 233 2569 lata
246 2515 325 2570 suntl
362 2517 451 2566 Antea
468 2517 578 2584 imperio
598 2525 643 2570 tuo
654 2516 737 2569 tinem
753 2514 908 2580 ,destinabat
920 2514 969 2566 Hal
991 2532 1017 2567 m
1029 2532 1086 2568 am·

179 2603 249 2657 nem,
263 2587 308 2656 qui
320 2584 433 2652 Lydiam
447 2585 578 2637 terminat.
614 2586 699 2654 Nunc,
713 2583 838 2654 quicquid
852 2583 920 2636 inter
932 2532 1086 2654 Hellespon·

208 2727 215 2750 ¹
226 2721 314 2769 ‘Illicit
326 2716 490 2768 intercourse’

206 2780 279 2828 ’‘Do
292 2789 334 2827 not
346 2780 402 2827 wait
415 2778 450 2826 lor
461 2778 509 2826 this
520 2779 536 2835 ;'
549 2777 655 2836 namely‚
668 2777 711 2824 the
722 2776 868 2836 application
877 2776 906 2824 ol
912 2785 1010 2826 turture.
1037 2777 1087 2828 For

178 2855 208 2887 ne
218 2839 278 2888 with
289 2838 331 2887 tlre
342 2837 432 2898 perfect
444 2837 605 2892 sub'uuctive‚
618 2845 660 2884 see
673 2836 772 2894 Zumpt,
785 2836 799 2888 t
810 2839 863 2886 585.

206 2898 321 3004 :334un
332 2899 477 2979 repercutias,
484 2855 522 3003 loq
530 2898 553 2944 si
560 2912 609 2964 qua
621 2897 758 3002 repercutis.
792 2895 839 2943 See
853 2896 932 2966 Grum.
945 2896 958 2947 t
969 2900 1022 2952 275,
1036 2903 1075 2952 (a).

208 3023 216 3048 ⁸
226 3021 232 3042 ⁴
242 2957 481 3064 quhpoqqqsetrplpffl
492 2965 588 3070 lirddi’s’
601 2963 658 3062 t'Polie
665 2964 783 3062 anqqtprqq
793 2961 942 3063 (qqrvugpppqp,
952 3033 973 3070 c,
986 3015 1084 3074 equiva-

178 3074 228 3124 lent
239 3084 264 3122 to
272 3074 344 3122 those
356 3091 380 3122 rn
391 3093 438 3132 ram,
451 3090 491 3122 are
502 3073 578 3133 really
589 3084 687 3122 neuters
698 3073 726 3122 of
738 3073 779 3121 the
790 3073 883 3122 ordruul
894 3075 1025 3130 numerals,
1038 3073 1085 3123 and

109 3142 111 3151 '
177 3149 234 3194 may
245 3133 327 3182 tulrsa
353 3149 445 3183 ronoun
463 3133 488 3182 in
505 3133 545 3181 tho
565 3147 632 3180 same
649 3148 704 3180 case
721 3137 760 3182 loc
770 3133 817 3182 aud
828 3135 878 3190 illo,
891 3149 917 3180 or
927 3133 965 3181 for
975 3133 1044 3180 those
1061 3133 1086 3180 in

177 3211 225 3250 cm.
237 3197 285 3250 troc,
297 3209 327 3240 au
355 3195 423 3250 illud,
431 3202 456 3240 to
462 3207 561 3254 express
575 3193 651 3240 ‘now’
665 3191 712 3241 end
724 3193 814 3241 ‘theu'
843 3192 963 3252 Compare
972 3194 1083 3249 x.14,3;

177 3249 573 3372 mdpqffi'mppopgpg,p1ppgnqy
584 3309 644 3360 used
655 3326 682 3358 as
691 3310 872 3368 asuhstantirs‚
885 3311 906 3360 le
916 3308 1043 3415 originallp
1053 3321 1095 3358 au*

176 3369 295 3441 adjective
306 3385 333 3438 ss
343 3369 417 3438 here„
436 3371 491 3440 (See
503 3371 565 3438 Zum
583 3380 601 3427 t,
614 3369 696 3424 tuo).
727 3369 784 3418 Tum
792 3370 878 3440 islhere
886 3367 1013 3428 separated
1032 3383 1084 3418 rom

176 3429 357 3540 {pesqdrecuva
370 3428 450 3484 which
461 3439 479 3478 rt
490 3429 555 3490 qualr
573 3444 608 3478 es.
641 3429 761 3490 Compare
772 3429 888 3478 asrmrlar
898 3441 954 3476 cess
965 3427 993 3477 cl
1004 3443 1082 3490 quen,

278 3551 296 3603 6
