2314 3886
172 225 231 284 242
436 239 475 280 os
499 237 607 282 assrrs
627 237 812 278 massoni.

170 349 284 408 invictos
300 349 442 405 asterisco
454 363 517 402 auro
534 346 642 416 quidem
654 345 733 400 vinci.
768 344 864 400 Oculos
881 359 951 414 ergo
970 347 1079 415 primurn

170 434 263 472 sorum
285 417 389 471 sordida
412 418 500 470 curuis
522 425 548 468 et
571 415 684 470 humilia
706 413 881 484 spectantium
906 415 1040 483 caspiam,¹
1058 425 1079 466 et

172 485 279 556 docebo,
297 503 346 540 nos
362 505 415 542 non
431 486 489 540 aori
506 495 551 538 aut
569 485 670 554 argenti
687 483 806 553 cupidos,
822 482 870 536 sed
887 483 990 538 orbem
1010 495 1079 536 terra·

171 571 230 610 rum
249 555 403 612 subacturos
421 555 519 610 venire.
555 555 642 615 Quam
660 553 770 622 gloriam
791 561 826 621 tu,
845 552 995 621 parricida,
1009 553 1078 605 inter·

170 625 258 694 cipere
267 625 379 696 voluisti,
389 634 416 678 et
427 625 598 692 Macedonas,
611 639 673 698 rege
685 621 817 692 adempto,
827 619 947 677 devictis
958 623 1079 688 gentibus

170 692 276 749 dedere.
312 697 347 748 At
365 712 435 749 nunc
453 710 546 746 moues
561 710 612 760 me,
626 701 655 744 ut
668 692 762 744 vestris
780 689 937 760 parentibus
958 691 1078 758 parcam!

170 763 230 818 Non
241 765 376 834 oportebat
387 763 498 832 quidem
511 778 556 814 ros
568 763 642 830 scire,
656 761 718 830 qujd
737 760 770 811 de
789 759 832 811 his
850 759 1023 828 statuissem,
1036 777 1079 828 quc

171 833 294 886 tristiores
312 832 439 902 periretis,
459 833 480 886 si
498 847 552 900 qua
568 829 644 884 vobis
663 837 801 897 parentum
818 827 955 892 memoria
976 839 1005 879 et
1026 847 1080 882 cura

171 909 225 954 est:
245 903 293 956 sed
305 903 370 955 olim
381 902 462 954 istum
474 916 574 954 morem
587 898 725 950 occidendi
738 915 800 950 oum
818 896 946 948 scelestis
967 897 1080 949 insontes

189 971 328 1041 ropinquos
346 979 520 1040 parentesque
539 967 613 1036 solvi,
631 976 657 1020 et
675 965 802 1036 profiteor,
819 965 846 1018 iu
865 966 967 1017 eodem
989 965 1080 1018 honore

169 987 270 1092 futuros
286 1057 379 1092 omues
391 1056 443 1108 eos,
457 1039 483 1092 in
494 1054 546 1108 quo
557 1037 670 1090 luerunt.
706 1036 776 1088 Nam
795 1043 868 1087 tuum
888 1034 1080 1104 Callisthenen,

170 1108 213 1162 oui
232 1109 277 1164 uni
295 1109 335 1162 vir
352 1108 456 1178 videris,
469 1109 533 1177 quia
551 1107 615 1160 latro
634 1121 670 1173 es,
690 1106 751 1174 scio,
768 1121 814 1155 cur
825 1103 938 1171 produci
952 1105 1039 1156 velis:
1059 1115 1080 1155 nt

170 1193 258 1230 coram
278 1176 320 1232 his
339 1178 439 1246 probra,
472 1193 521 1230 uae
542 1176 568 1229 irr
589 1192 633 1228 rue
654 1173 731 1226 modo
750 1172 843 1242 jecisti,
861 1173 945 1224 modo
967 1173 1081 1240 audisti?

160 1245 241 1310 villius
252 1262 356 1314 quoque
369 1262 414 1299 ore
427 1194 580 1298 relerentur.
616 1244 710 1311 Quem,
725 1242 747 1294 si
765 1241 878 1294 Macedo
891 1251 976 1309 esset,
994 1251 1080 1296 tecum

169 1313 380 1393 introduxissem,
401 1314 584 1381 dignissimum
608 1322 635 1366 te
658 1311 784 1380 discipulo
808 1310 987 1378 magistrum:
1017 1329 1081 1364 nunc

169 1379 293 1450 Olynthio
306 1384 439 1436 nunidem
450 1382 516 1452 juris
528 1383 588 1436 est?

205 1454 246 1502 29.
266 1452 326 1505 Post
344 1451 412 1504 haec
429 1451 569 1504 consilium
581 1451 690 1520 dimisit,
704 1446 823 1517 tradique
836 1447 981 1502 damnatos
1002 1449 1082 1502 horni-

169 1520 253 1590 nibus,
272 1522 317 1590 qui
336 1538 371 1574 ex
393 1519 487 1574 eadem
512 1521 617 1574 cohorte
641 1525 722 1586 erant,
741 1518 826 1586 jussit.
871 1516 919 1584 llli,
943 1526 975 1570 ut
1004 1521 1082 1572 fidem

169 1607 243 1642 auam
273 1591 384 1644 saevitia
416 1591 470 1658 regi
503 1590 683 1660 approbarent,
711 1587 874 1640 excruciatos
903 1597 1082 1640 necaverunt.

169 1657 343 1712 Callisthenes
365 1676 417 1728 quo
437 1677 470 1712 ue
497 1667 578 1712 tortus
601 1658 716 1725 interiit,⁴
739 1657 797 1711 initi
820 1654 920 1722 consilii
947 1656 975 1708 in
1005 1666 1083 1726 caput

168 1729 237 1797 regis
248 1729 376 1796 innoxius,
391 1677 438 1780 sed
457 1727 663 1796 haudquaquam
680 1725 758 1779 aulae
776 1733 802 1780 st
822 1727 1026 1789 assentantium
1045 1745 1083 1778 ac·

157 1793 351 1851 'commodatus
368 1795 481 1865 ingenio.
518 1795 610 1875 ltaque
628 1795 726 1848 nullius
743 1793 841 1847 caedes
857 1791 994 1862 majorem
1015 1795 1084 1866 apud

167 1867 283 1921 Graecos
294 1865 444 1920 Alexandro
461 1865 586 1920 excitavrt
604 1864 739 1932 invidiam,
753 1861 822 1933 quod
841 1860 1001 1932 praeditum
1021 1866 1084 1935 opti·

167 1935 218 1990 mis
235 1935 354 1990 moribus
371 1935 532 2006 artibusque,
545 1951 625 2004 aquo
637 1941 776 1986 revocatus
794 1931 921 1984 advitam
937 1943 1012 2004 erat,
1026 1952 1084 1987 cum

166 2005 304 2076 interfecto
323 2005 390 2058 Clito
408 2003 473 2058 mori
493 2011 679 2074 perseveraret,
692 2019 743 2055 non
762 2010 862 2054 tanturn
879 2001 1026 2072 occiderit,
1041 2003 1098 2056 sed·

167 2074 249 2126 etiam
273 2075 374 2126 torserit
398 2073 497 2128 indicta
520 2071 630 2142 quidem
653 2089 742 2124 causa.
779 2069 865 2128 Quam
889 2071 1086 2126 crudelitatem

167 2157 226 2196 sera
237 2142 400 2211 poenitentia
412 2151 553 2195 consecuta
566 2149 615 2194 est.

202 2215 243 2262 30.
262 2209 313 2262 Sed
337 2227 371 2262 ne
393 2211 478 2264 otium
502 2209 621 2262 serendis
644 2209 791 2264 rumoribus
814 2217 906 2261 natum
931 2209 1036 2280 aleret,
1063 2214 1086 2264 in

167 2275 270 2332 Indiam
293 2280 382 2348 movit,
407 2296 513 2348 semper
536 2279 605 2332 bello
628 2296 709 2348 quam
733 2287 790 2348 post
810 2277 950 2330 victoriam
977 2279 1086 2333 clarior.

167 2345 241 2400 ludia
266 2354 319 2398 tota
338 2346 423 2400 ferme
448 2353 550 2416 spectet
573 2347 715 2417 Orientem,
737 2349 825 2400 minus
848 2346 874 2398 in
898 2346 1086 2416 latitudinem,

166 2432 248 2488 quarn
268 2423 339 2470 recta
360 2416 465 2486 regione
486 2416 608 2485 spatiosa.
644 2415 718 2476 Quae
734 2419 861 2470 Austrum
877 2417 1046 2488 occipiunt,⁵
1063 2421 1088 2472 iu
1125 2479 1126 2492 ,

352 2529 498 2536 ...........
499 2515 1089 2542 -ι--ἠῳ-ῃ-

194 2597 202 2620 ¹
215 2591 243 2642 ‘l
254 2590 304 2642 will
314 2591 366 2640 first
377 2591 435 2640 take
446 2590 506 2646 (that
517 2591 546 2648 is,
554 2590 668 2650 euchsin)
680 2590 742 2638 their
752 2605 818 2650 eyes,
829 2587 901 2638 while
912 2587 976 2649 they
988 2591 1055 2640 look
1065 2607 1088 2640 ar

165 2650 197 2698 sll
208 2650 332 2724 thiatgold
342 2650 389 2699 arrd
399 2648 480 2731 silvar)
491 2651 516 2697 in
526 2665 638 2698 common
648 2665 691 2698 use
708 2658 818 2710 amongst
834 2665 871 2706 us,
884 2647 932 2696 and
943 2659 992 2708 put
1007 2663 1035 2700 to
1047 2653 1089 2700 the

165 2709 467 2817 hllnlllffsdrldglpffidts'the
483 2782 507 2815 re
525 2767 624 2814 roaches
640 2766 783 2834 whichycu
800 2766 833 2821 (in
848 2780 908 2824 your
918 2770 1088 2818 treasouable

165 2838 254 2875 meetm
285 2827 387 2887 >partly
402 2826 499 2886 yoursel
527 2826 604 2874 threw
619 2835 661 2874 out
677 2835 770 2886 egarrrst
786 2841 834 2881 me,
847 2823 893 2872 and
909 2825 996 2886 partly
1009 2827 1089 2877 heard

165 2884 261 2992 stollaost
279 2899 327 2992 sorp,
337 2885 417 2992 prppllqt
432 2885 489 2934 hers
505 2895 545 2933 roo
562 2887 591 2933 ba
607 2883 676 2945 again
688 2884 790 2944 brought
801 2899 833 2943 up
844 2885 876 2943 by
888 2882 926 2933 his
938 2887 1047 2945 mouth,
1061 2903 1089 2937 as

165 2957 203 3069 we}
214 2959 386 3071 Calll'stlrsnss,
394 2981 525 3072 therefore,
538 3012 580 3050 not
596 3001 693 3107 beinpa
703 3001 783 3048 native
795 2999 966 3069 Macedonian,
981 3003 1031 3054 did
1043 3016 1088 3054 not

164 3075 236 3120 ernoy
247 3059 288 3128 the
299 3062 362 3140 rpght
374 3061 402 3129 os
413 3064 488 3129 being
500 3059 592 3122 rudged
607 3062 639 3122 by
668 3076 688 3108 ra
699 3075 783 3119 peers;
801 3060 844 3107 but
855 3060 894 3126 his
904 3059 955 3108 sate
968 3078 1030 3112 was
1042 3063 1088 3114 left

164 3118 462 3238 fojalhecrlr‘dssdirlgdssmgtlhgr
472 3177 608 3245 historicus,
620 3175 791 3234 Callisthenes,
799 3192 879 3238 seven
895 3177 1001 3229 months
1021 3183 1089 3231 aster

163 3235 204 3284 the
215 3244 300 3283 events
311 3251 366 3284 now
376 3235 475 3291 related,
488 3235 543 3285 died
551 3252 566 3283 a
576 3235 669 3283 natural
679 3235 750 3284 death
757 3235 818 3285 -in
828 3237 917 3298 prison,
930 3236 1071 3289 however.

159 3341 165 3355 ,
192 3301 201 3326 ⁸
213 3293 310 3342 ‘Thoas
318 3303 383 3354 ports
391 3293 470 3342 which
477 3295 570 3342 receive
579 3301 627 3349 (are
636 3295 722 3342 turned
731 3294 844 3349 towards)
855 3295 896 3342 the
907 3297 1069 3356 southwiud
1080 3317 1086 3358 ;

163 3351 215 3400 thar
226 3352 255 3414 is,
268 3351 293 3400 in
308 3349 413 3412 general,
426 3351 467 3398 the
483 3352 599 3418 southern
613 3362 687 3410 parts,
700 3353 741 3400 the
757 3353 925 3418 mountaiuous
945 3359 1090 3414 peninsula

163 3408 191 3458 of
201 3410 247 3458 ¹the
263 3409 366 3464 Deouan.
398 3407 454 3458 The
471 3419 682 3470 mountamvrunge
698 3426 730 3458 cn
745 3409 786 3458 the
802 3413 873 3464 north
889 3411 917 3460 os
931 3412 1022 3472 India,
1042 3419 1089 3474 ¹the

160 3463 301 3528 ffiramu,
314 3481 365 3517 was
375 3465 452 3516 called
462 3467 495 3526 by
506 3465 548 3516 the
559 3467 666 3534 ancispts
678 3468 811 3528 Caucasus,
824 3485 851 3520 as
866 3471 967 3542 beinoe‘a
974 3477 1087 3548 contin.
