2410 3890
159 271 198 327 90
425 288 464 326 ne
487 287 593 327 ossrrs
616 287 801 326 suexsnunr.

158 394 252 461 fronte,
277 403 305 448 ut
329 404 409 451 totam
433 396 520 448 aciem
544 393 617 448 orbe¹
640 394 765 448 muniret.
809 391 891 463 lllyrii
913 394 958 446 hic
981 398 1064 510 erant,

158 465 283 543 adjuncto
301 465 387 518 milite
407 465 531 522 mercede
554 465 693 518 conducto.-
727 464 845 516 Thracas
862 477 965 532 quoque
985 461 1053 512 simu

158 533 293 603 objecerat
321 534 415 586 leviter
443 545 567 587 armatos.
610 535 740 602 Adeoque
771 533 859 585 aciem
892 529 1064 582 versabilem²

158 603 252 672 posuit,
266 611 303 672 ut,
316 603 361 672 qui
373 602 459 656 ultimi
474 603 586 672 stabant,
600 621 634 657 ne
654 603 861 670 circumirentur,
876 599 942 654 verti
963 608 1062 668 tamen,

158 672 229 724 etin
251 671 363 728 frontem
383 674 528 742 circumagi
548 680 663 742 possent.
699 673 792 740 ltaque
810 688 862 724 non
875 670 968 740 prima,
982 682 1065 737 quam

158 740 248 811 latera,
261 759 312 794 non
325 741 408 796 latera
420 743 560 796 munitiora
572 741 654 810 fuere,
668 757 748 810 quam
762 750 845 808 terga.

192 817 234 864 51.
253 811 302 864 His
321 812 357 864 ita
376 811 510 879 ordinatis,
522 811 656 882 praecipit,
670 818 706 880 ut,
720 810 743 862 si
763 809 874 862 falcatos
893 825 983 861 currus
1001 823 1066 860 curn

157 877 265 934 fremitu
291 880 394 935 barbari
413 881 572 950 emitterent,
591 879 641 949 ipsi
659 879 755 932 laxatis
774 879 911 932 ordinibus
934 877 1065 946 impetum

158 949 347 1003 incurrentium
376 950 480 1002 silentio
503 949 664 1018 exciperent,
690 947 761 1003 haud
785 949 881 1002 dubius
909 947 968 1000 sine
997 963 1067 998 nora

157 1029 359 1089 transcursuroe,
372 1020 485 1072 sinemo
498 1035 527 1071 se
539 1027 698 1088 opponeret:
718 1019 759 1071 sin
776 1029 868 1070 autern
887 1019 944 1070 siue
957 1015 1066 1068 fremitu

157 1089 337 1157 immisissent,
359 1105 405 1140 eos
427 1088 477 1156 ipsi
500 1089 615 1140 clamore
638 1095 773 1156 terrerent,
795 1087 959 1157 pavidosque
982 1101 1066 1155 equos

157 1157 218 1210 telis
237 1159 370 1226 utrimque
391 1157 561 1211 suffoderent.
597 1157 649 1216 Qui
670 1158 792 1211 cornibus
811 1165 956 1227 praeerant,
975 1165 1066 1208 exten·

155 1227 219 1280 dere
237 1245 270 1279 ea
286 1226 358 1296 jussi,
372 1227 409 1278 ita
427 1237 454 1279 ut
472 1243 523 1279 nec
540 1227 800 1296 circumvenirentur,
814 1227 836 1280 si
855 1225 947 1279 artius³
958 1233 1065 1294 starent,

158 1312 208 1350 nec
226 1304 316 1348 tamen
336 1295 459 1348 ultimam
477 1295 565 1350 aciem
586 1296 761 1352 exinanirent.
797 1294 983 1366 Impedinenta
1002 1310 1067 1346 curu

157 1365 275 1435 captivis,
300 1365 367 1418 iuter
389 1381 460 1434 quos
480 1373 565 1420 mater
587 1365 716 1434 liberique
740 1365 819 1418 Darei
842 1363 1066 1432 custodiebantur,

155 1433 227 1488 haud
248 1435 338 1503 procul
357 1435 415 1486 acie
435 1452 462 1487 rn
480 1435 550 1488 edito
567 1435 635 1488 colle
653 1435 796 1505 constituit,
814 1433 918 1488 modico
936 1431 1067 1504 praesidio

156 1502 257 1556 relicto.
292 1503 411 1557 Laevum
435 1521 524 1573 cornu,
549 1505 616 1558 sicut
639 1504 714 1571 aliae,
738 1503 905 1556 Parmenioni
929 1501 1066 1570 tuendum,

156 1571 264 1626 datum:
284 1572 342 1642 ipse
355 1573 381 1626 in
395 1572 486 1626 dextro
499 1574 595 1627 stabat.
630 1573 757 1627 Nondum
774 1573 808 1625 ad
825 1571 928 1643 jactum
946 1571 991 1624 teli
1009 1587 1067 1641 per·

156 1650 290 1712 venerant,
304 1659 366 1696 curu
379 1642 444 1696 Bion
455 1643 565 1712 quidam
579 1643 722 1712 transfuga,
735 1651 833 1712 quanto
853 1641 971 1695 maximo
989 1657 1068 1695 cursu

155 1719 283 1781 potuerat,
302 1711 336 1763 ad
358 1729 447 1780 regern
467 1713 601 1781 pervenit:
627 1713 759 1780 nuntians,
779 1713 906 1764 murices⁴
924 1711 1023 1764 ferreos
1040 1709 1069 1764 in

156 1790 253 1834 terram
275 1779 409 1833 defodisse
432 1782 555 1851 Dareum,
577 1798 630 1850 qua
652 1780 758 1834 hostem
781 1781 885 1850 equites
907 1780 1068 1834 emissurum

155 1865 216 1904 esse
228 1849 360 1920 credebat,
373 1861 546 1920 notatumque
559 1861 629 1904 certo
647 1851 722 1918 signo
741 1849 829 1903 locum
851 1857 880 1903 ut
891 1848 963 1902 fraus
975 1848 1068 1902 evitari

155 1935 173 1972 a
190 1919 245 1974 suis
268 1927 366 1988 posset.
403 1921 539 1974 Aeserrari
564 1918 700 1988 transfuga
721 1919 802 1989 jusso,
822 1889 904 1972 duces
924 1926 1066 1971 convocat:

155 1988 327 2059 expositoque
339 1989 409 2059 quod
427 1990 574 2043 nuntiatum
593 1998 656 2057 erat,
670 1997 768 2058 monet,
781 1997 810 2042 ut
828 1987 962 2058 regionem
980 2003 1068 2040 mons·

60 2078 64 2087 ¹
156 2065 251 2112 tratam
264 2057 406 2126 declinent,
420 2060 592 2129 equitemque
603 2058 751 2127 periculum
763 2057 900 2112 edoceant.

191 2127 377 2180 enectorum
402 2126 551 2180 hortantem
575 2129 707 2180 exercitus
727 2127 863 2180 exaudire⁵
882 2142 933 2181 non
957 2131 1066 2197 poterat,

157 2211 234 2248 usum
253 2197 357 2249 aurium
375 2195 559 2264 intercipiente
571 2195 679 2253 fremitu
691 2194 802 2250 duorum
820 2197 967 2266 agminum,
981 2195 1067 2248 sedin

156 2271 300 2332 conspectu
312 2265 433 2318 omnium
442 2264 526 2318 duces
537 2275 564 2318 et
576 2265 725 2334 proximum
734 2282 869 2335 quemque
879 2265 1068 2334 interequitans

156 2331 353 2401 alloquebatur:
376 2333 502 2387 Emensis
518 2342 556 2387 tot
574 2344 657 2388 terras
675 2335 701 2388 in
719 2351 797 2404 spem
812 2335 945 2403 victoriae,
962 2335 996 2386 de
1014 2351 1067 2403 qua

155 2401 340 2455 dimicandum
349 2401 423 2472 foret,
437 2402 487 2459 hoo
499 2421 583 2458 uuum
595 2420 735 2474 superesse
744 2403 895 2458 discrimen.
922 2402 1067 2457 Granicum

155 2469 201 2524 hic
224 2487 341 2542 amnem,
360 2471 520 2541 Ciliciaeque
543 2482 664 2540 moutes;
689 2481 715 2525 et
738 2473 841 2543 Syriam
859 2475 1067 2543 Aegyptumque

155 2539 355 2612 praceuntibus
375 2546 471 2612 raptae,
492 2542 609 2610 iugentia
632 2543 690 2612 spei
712 2543 865 2612 gloriaeque
885 2543 1065 2610 incitamenta,

74 2634 76 2642 v
156 2607 297 2663 referebat.
340 2609 524 2680 Reprehensos
549 2628 584 2666 ex
607 2611 671 2680 fuga
693 2611 788 2674 Persas
810 2621 978 2681 pugnaturos,
1003 2610 1067 2680 quia

154 2678 248 2759 fugere
261 2695 312 2733 non
323 2688 440 2750 possent.
458 2681 579 2735 Tertium
589 2681 644 2752 jam
655 2681 727 2736 diem
737 2689 812 2735 metu
820 2697 976 2750 exsangues,
985 2681 1067 2732 armis

156 2764 210 2802 sure
227 2760 348 2802 oneratos
366 2749 392 2802 in
410 2749 505 2804 eodem
523 2750 636 2820 vestigio
659 2749 777 2806 haerere.
813 2749 925 2803 Nullum
942 2751 1083 2821 despera-¹

155 2815 235 2875 tionis
250 2817 355 2872 illorum
372 2819 461 2890 maJ'us
478 2819 607 2876 indicium
625 2837 693 2888 esse,
705 2836 787 2890 quam
805 2819 875 2889 quod
894 2819 982 2890 urbes,
994 2817 1065 2888 quod

154 2901 233 2954 agros
248 2903 310 2942 suos
327 2898 440 2959 urerent,
453 2889 579 2958 quicquid
597 2904 649 2942 uon
666 2889 849 2958 corrupissent,
862 2887 978 2942 hostium
996 2889 1067 2940 esse’

155 2955 278 3008 confessi.
305 2957 421 3010 Nomina
433 2958 511 3010 modo
523 2975 592 3011 vana
603 2960 723 3026 gentium
735 2959 884 3026 ignotarum
895 2975 929 3010 ne
941 2957 1065 3010 extimes·

183 3117 360 3174 ¹·Versatile‚'
376 3119 499 3176 ‘mobile’
516 3118 619 3168 ‘lichia’

184 3175 395 3237 '‘Tooclosely.'
716 3227 719 3234 Δ

185 3235 350 3297 ‘Triangular
367 3235 449 3296 piceas
466 3235 495 3286 of
509 3237 569 3296 irou,
587 3237 646 3286 with
664 3235 736 3298 sharp
754 3237 843 3297 points,
861 3237 897 3286 for
915 3237 1005 3299 laming
1023 3237 1065 3286 the

155 3295 261 3428 hoile'iio
272 3353 338 3410 hear,
351 3368 379 3401 so
390 3369 416 3402 as
427 3361 453 3402 to
463 3354 627 3424 understand!
660 3355 722 3406 This
734 3355 754 3404 ie
765 3355 806 3406 the
817 3371 903 3425 proper
913 3356 1026 3418 meaning
1036 3355 1065 3406 ot

104 3425 118 3442 ⁸
142 3416 275 3470 madae,
288 3425 329 3462 not
341 3411 382 3465 the
393 3428 459 3462 mere
470 3423 549 3462 cetron
560 3413 588 3461 of
600 3413 641 3461 the
652 3429 724 3464 sense
735 3413 764 3464 of
774 3415 857 3464 hearrn
876 3452 882 3464 .

183 3467 395 3594 ζζῆᾬῖὲιῖἷιώ
403 3471 644 3592 pppiqqequyaplagpq
656 3473 715 3582 gith
726 3477 763 3587 ab,
772 3473 840 3584 27Sgee
854 3431 934 3524 dmm.
945 3473 1021 3528 Wl.

548 3567 554 3579 ι
681 3550 738 3584 mm.
819 3568 825 3582 .
