2438 3886
165 235 203 290 bs
433 249 473 290 nn
495 249 601 290 oneris
623 251 809 292 snsxsnnar.

165 365 296 426 quantum
319 373 415 428 capere
437 365 565 427 poterant,
590 357 725 413 distarent.
767 359 823 412 Hoc
839 359 976 438 puppium
999 359 1081 414 inter·
1127 381 1132 389 ¹
1198 381 1199 404 r

165 426 266 479 vallum
283 428 406 480 antennis
423 427 609 497 asseribusque
625 428 721 482 validis
738 429 867 498 deligans,
881 446 1013 498 superque
1031 445 1081 482 eos

166 496 288 575 pontibus
311 497 399 549 stratis
427 496 471 566 qui
494 497 607 550 militem
631 498 798 567 sustinerent,
823 498 1013 567 impleverant:
1039 498 1081 550 sic

166 573 308 618 instructas
325 536 515 634 quadriremes
539 567 573 619 ad
601 567 695 622 urbem
720 568 849 635 agebant:
880 567 941 620 inde
968 567 1081 621 missilia

166 634 193 687 in
214 647 409 705 propugnantes
431 635 616 705 ingerebantur
635 647 698 706 tuto,
719 637 783 706 quia
803 636 885 706 proris
907 637 986 690 miles
1006 646 1081 705 tege·

165 703 251 756 batur.
288 704 383 758 Media
400 722 452 758 nox
469 714 533 774 erat,
547 722 610 758 curn
622 706 745 775 classem,
758 706 835 760 sicuti
854 706 956 760 dicturn
974 714 1015 758 est
1032 723 1080 776 pa-

166 782 258 842 ratam,
280 774 419 828 circumire
440 791 529 828 rnnros
550 774 633 844 jubet,
654 774 762 845 jamque
781 793 865 828 naves
883 775 940 842 urbi
962 777 1080 844 undique

165 843 384 915 admovebantur,
403 853 430 896 et
448 843 521 966 Tprii
532 843 715 914 desperatione
734 845 897 915 torpebant:¹
917 858 979 898 curn
991 845 1079 898 subito

167 912 268 984 spissae
286 914 371 967 nubes
388 914 462 967 inten
482 913 536 965 ere²
554 929 583 965 se
601 913 683 983 coelo,
702 923 729 967 et
746 914 871 984 quioquid
889 915 956 966 lucis
973 913 1080 967 interni-

101 998 103 1005 ·
164 983 239 1036 tebat
252 983 339 1036 effusa
350 983 462 1050 caligine
475 984 623 1036 extinctum
634 992 683 1038 est.
719 984 788 1038 Tum
801 983 994 1037 inhorrescens³
1004 1001 1080 1036 mare

166 1053 293 1122 paulatim
318 1051 409 1116 levari,
433 1051 538 1122 deinde,
562 1052 662 1106 acriore
686 1063 765 1106 vento
788 1053 957 1122 concitatum,
981 1053 1080 1106 fluctus

166 1123 245 1191 ciere,
259 1131 286 1176 et
298 1122 366 1175 inter
378 1138 406 1174 se
419 1121 525 1190 navigia
537 1121 672 1176 collidere.
708 1123 822 1192 Jamque
834 1121 920 1176 scindi
935 1131 1079 1192 coeperunt

166 1191 281 1261 vincula,
301 1192 398 1261 quibus
415 1207 550 1244 connexae
568 1192 750 1261 quadriremes
768 1201 849 1260 erant,
863 1209 938 1246 ruere
952 1191 1077 1262 tabulata,

167 1269 194 1314 et
212 1279 273 1314 cum
292 1261 390 1329 ingenti
410 1261 511 1328 fragore
528 1261 554 1313 in
573 1261 733 1330 pmfundurn
748 1279 841 1315 secum
854 1261 952 1314 milites
964 1260 1077 1316 trabere.

166 1331 264 1400 Neque
278 1332 350 1383 enirn
365 1339 485 1383 conserta
504 1329 609 1398 navigia
628 1331 682 1384 ulla
700 1348 749 1400 ope
767 1332 792 1384 in
814 1330 927 1384 turbido⁴
939 1332 993 1399 regi
1007 1339 1079 1400 potc-

167 1410 239 1452 rant:
262 1399 341 1452 miles
359 1399 504 1453 ministeria
524 1409 672 1470 nautarum,
694 1418 784 1454 remex
805 1400 897 1454 militis
916 1399 1006 1454 officia
1026 1409 1078 1454 tur·

166 1469 247 1522 habat
254 1486 262 1538 3
280 1479 314 1538 et,
327 1469 397 1538 quod
415 1469 442 1522 in
461 1469 592 1540 ejusmodi
605 1487 669 1523 casu
682 1471 787 1534 accidit,
800 1470 876 1540 periti
894 1469 992 1538 ignaris
1004 1485 1077 1538 pare-

165 1539 244 1592 bant:
263 1540 362 1609 qnippe
380 1539 577 1609 gubernatores,
596 1539 662 1592 alias
680 1541 812 1610 imperare
831 1539 907 1608 soliti,
929 1548 985 1592 turn
1003 1549 1077 1592 metu

165 1610 258 1662 mortis
275 1608 348 1678 jussa
359 1609 567 1678 exequebantur.
603 1609 725 1662 Tandem
739 1609 819 1662 remis
832 1609 992 1678 pertinacius
1004 1621 1077 1662 ever-

166 1678 299 1731 beratum⁵
322 1696 395 1732 mare
419 1676 502 1731 veluti
525 1678 697 1748 eripientibus
720 1679 827 1748 navigia
850 1679 969 1731 classicis
989 1677 1076 1746 cessit,

164 1748 329 1818 appulsaque
342 1756 403 1801 sunt
415 1747 483 1800 litori
504 1747 619 1800 lacerata
630 1748 764 1818 pleraque.
956 1773 957 1776 ¹

204 1823 244 1870 15.
265 1817 363 1872 Iisdem
384 1817 450 1870 forte
489 1817 564 1871 iebus
588 1817 843 1886 Carthaginienslum
868 1817 1078 1886 legatitriginta

165 1889 362 1958 superveniunt,
392 1887 479 1956 magis
511 1887 628 1940 obsessis
658 1887 789 1956 solatium,
821 1902 903 1956 quarn
932 1887 1077 1954 auxilium,

166 1959 264 2028 quippe
287 1958 433 2011 domestico
443 1957 535 2010 ”bello
549 1958 651 2011 Poenos
674 1957 806 2028 impediri,
827 1974 878 2010 nec
901 1956 934 2009 de
959 1956 1076 2026 imperio,

167 2029 215 2081 sed
232 2044 277 2097 pro
297 2029 382 2081 salute
400 2027 536 2096 dimicare,
555 2027 719 2082 nuntiabant.
757 2026 914 2096 Syracusani
934 2034 990 2079 tum
1009 2024 1077 2079 Atri-

166 2115 227 2150 cam
248 2097 367 2167 urebant,
387 2106 414 2150 et
434 2095 505 2149 haud
526 2097 616 2166 procul
640 2095 805 2164 Carthaginis
825 2097 909 2148 muris
927 2095 1077 2148 locaverant

167 2167 272 2219 castra.⁶
307 2168 367 2220 Non
387 2174 477 2230 tamen
498 2165 623 2218 desecare
641 2166 739 2218 animis
761 2165 843 2235 Tyrii,
857 2181 1027 2233 quamquam
1043 2165 1077 2218 ab

166 2237 267 2304 ingenti
288 2239 346 2305 spel
362 2234 482 2288 destituti
500 2235 589 2303 siant,
614 2235 661 2287 sed
685 2234 813 2305 conjuges
831 2234 979 2303 liberosque
997 2234 1077 2286 dere·

166 2305 268 2358 hendos
288 2304 472 2372 Carthaginem
495 2304 665 2374 tradiderunt,
686 2303 778 2357 lortius
798 2302 923 2374 quicquid
943 2303 1077 2356 accideret

166 2375 252 2442 laturi,
278 2375 300 2427 si
324 2375 488 2428 carissimam
515 2374 555 2426 sui
581 2383 685 2442 partem
709 2383 783 2428 extra
807 2382 904 2426 sortem
928 2373 1077 2425 communis

165 2443 277 2516 periculi
295 2443 458 2498 habuissent.
495 2443 615 2512 Cumque
629 2459 698 2496 unus
710 2459 725 2496 e
738 2443 841 2496 civibus
858 2443 883 2494 in
903 2443 1026 2496 contione
1039 2442 1076 2494 in·

166 2516 290 2584 dicasset,
310 2514 426 2566 oblatam
444 2529 504 2566 csse
523 2530 570 2583 por
588 2530 711 2568 somnum
731 2513 781 2566 sibi
803 2513 921 2582 speciem
941 2511 1076 2581 Apollinis,

166 2603 248 2656 quern
261 2585 360 2638 eximia
372 2583 498 2651 religione
510 2583 634 2652 colerent,
647 2583 741 2636 urbem
756 2581 912 2650 deserentis,
925 2581 1077 2650 molemque

165 2653 390 2708 aMaoedonibus
406 2654 431 2706 in
450 2653 505 2706 salo
522 2651 622 2722 jactam
634 2652 662 2706 in
675 2651 823 2706 silvestrem
838 2652 934 2704 saltum
948 2669 1007 2704 esse
1020 2666 1077 2704 rnu-

166 2734 264 2778 totam:
291 2739 456 2794 quamquam
479 2733 569 2776 auctor
592 2721 661 2776 levis
685 2731 748 2792 erat,
773 2730 863 2774 tarnen
887 2721 921 2774 ad
948 2720 1077 2773 deteriora

856 2819 890 2824 --
894 2817 1006 2824 ...κ-ι...

195 2867 202 2889 ¹
215 2861 290 2908 Their
301 2859 372 2910 blood
383 2861 446 2908 frore
458 2861 482 2908 in
494 2859 556 2906 their
567 2858 650 2915 veins;
668 2855 730 2905 their
740 2873 826 2904 sennes
836 2871 900 2904 were
912 2853 1057 2904 benumbed.

193 2925 204 2950 ²
214 2920 276 2967 This
288 2920 308 2967 is
319 2918 360 2966 the
372 2919 461 2978 perfect
473 2917 610 2972 indicative,
624 2926 665 2964 not
676 2917 718 2963 the
727 2915 852 2963 infinitiva.
1094 2917 1099 2928 ‘

195 2984 204 3008 ³
215 2979 320 3026 Horrere
330 2978 349 3026 is
361 2979 420 3026 used
436 2976 547 3038 properly
558 2975 586 3022 of
598 2974 716 3022 asursace
727 2975 807 3022 which
818 2974 839 3022 is
850 2972 960 3030 bristled‚
973 2971 1076 3042 stodded

166 3039 226 3087 with
241 3038 331 3097 spilres.
363 3037 433 3084 Thus
449 3037 490 3084 the
507 3051 549 3084 sea
564 3049 620 3094 may
632 3036 662 3082 be
673 3033 726 3082 said
736 3035 900 3089 inhorrescere,
913 3033 986 3102 ivhen
1001 3042 1018 3079 rt
1035 3032 1075 3079 be·

166 3113 249 3147 comes
260 3112 339 3156 wavy,
353 3095 438 3154 bristly
449 3095 508 3143 with
524 3093 629 3142 billows.
661 3093 699 3140 As
711 3102 735 3140 to
746 3095 829 3149 leuari,
842 3092 884 3140 the
895 3090 1027 3148 historrcnl,
1040 3105 1075 3146 or,

166 3158 222 3245 sapt
232 3157 308 3262 ppghp
319 3156 385 3261 totbe
397 3153 482 3210 called,
490 3152 640 3235 ,descriptiva
652 3151 778 3208 infinitiva,
792 3166 834 3200 see
845 3151 925 3200 Grom.
938 3151 1013 3202 i390.

195 3285 204 3308 ⁸
217 3225 346 3328 ,Bpapepp
357 3229 509 3328 ppvqrpnsppd„
522 3272 555 3331 by
566 3271 607 3319 the
619 3269 701 3318 stroke
713 3269 741 3318 of
752 3268 794 3316 the
805 3284 867 3317 oars.

194 3341 203 3366 ⁸
217 3335 270 3383 Our
280 3333 366 3382 author
376 3347 456 3380 seems
468 3331 525 3378 here
542 3341 567 3378 to
581 3331 612 3378 be
628 3330 653 3377 in
669 3344 748 3386 error;
766 3327 811 3385 sor,
823 3343 850 3376 so
860 3327 896 3376 far
906 3343 933 3375 es
944 3341 982 3374 we
994 3326 1074 3382 iinon,

166 3395 208 3444 the
225 3395 375 3455 Syracusana
391 3390 447 3498 onlq
463 3405 522 3438 once
539 3388 654 3470 bpsieged
671 3388 801 3449 Carthago,
815 3386 862 3436 end
876 3387 929 3434 that
940 3401 992 3434 was
1002 3384 1077 3434 under

166 3447 576 3562 Allllliicliiiiaaiililnilveexibniiieorre⁸
585 3447 705 3556 iiiiiion.
737 3505 857 3566 Compare
868 3503 917 3554 viii.
929 3506 967 3553 23.
1042 3515 1045 3520 ·
