2410 3890
158 210 214 267 110
421 223 460 264 nu
484 223 591 264 ousrrs
612 223 797 263 snexunnnr.

155 331 246 388 habitu
257 333 381 402 corporis.
416 333 508 402 ltaque
527 347 588 384 cnm
605 332 689 400 pedes
706 331 791 384 imum
808 328 921 399 gradum
937 346 986 383 non
1000 345 1060 382 con·

156 407 293 471 tingerent,
313 419 382 456 nnus
401 419 435 456 ex
455 401 533 469 regiis
552 401 641 468 pueris
659 417 781 453 mensam
800 399 918 453 subdidit
938 398 1059 469 pedibus.

155 472 190 524 Et
213 487 275 523 cum
298 471 451 540 spadonem,
472 471 516 540 qui
540 469 619 524 Darei
642 469 735 538 fuerat,
759 469 977 538 ingemiscentem
1000 485 1060 521 con-

155 539 285 610 spexisset
296 558 349 610 rex,
363 545 471 593 causam
483 539 631 592 maestitiae
649 539 792 608 requisivit.
828 538 876 591 ilie
891 539 996 607 indicat,
1011 539 1060 591 Da·

155 625 230 661 reum
250 609 323 662 vesei
348 611 372 662 in
397 627 430 662 ea
449 609 563 678 solitum,
584 624 665 676 seque
686 625 788 660 sacrorn
808 607 867 677 ejus
887 624 1005 661 mensam
1026 608 1061 661 ad

154 677 298 732 ludibrium
322 679 484 732 recidentem
508 679 564 730 sine
587 677 701 730 lacrimis
724 678 875 748 conspicere
899 693 950 729 non
973 693 1059 746 posse.

155 747 238 800 Subiit
251 764 312 816 ergo
325 765 414 816 regem
427 746 586 800 verecundia
597 745 710 799 violandi
728 745 871 814 hospitales
881 745 954 798 deos.
990 747 1061 798 Jam-

172 833 207 868 ue
230 817 340 871 subduci
362 817 480 887 jubebat,
504 832 567 867 cum
590 815 731 867 Philotas:¹
760 815 873 868 Minime
897 816 970 868 vero³
993 815 1061 868 haec

154 833 258 956 aceris,
272 903 325 954 rex,
339 887 385 938 sed
398 903 475 937 omen
488 900 593 953 quoque
605 885 660 936 acci
682 901 704 952 e,
717 901 847 954 mensam,
860 899 893 937 ex
904 902 957 953 qua
968 884 1061 937 libavit

156 954 239 1008 hostis
251 956 360 1027 epulae,
375 955 427 1007 tuis
439 953 550 1022 pedibus
562 970 622 1005 esse
635 901 791 1023 rulrjectam.

190 1028 213 1076 9.
236 1025 300 1094 Rex,
326 1022 441 1076 Persidis
463 1023 556 1075 finem⁴
577 1021 704 1093 editurus,
729 1023 794 1075 Susa
816 1022 910 1076 urbem
929 1021 1061 1075 Archelao

155 1099 183 1147 et
207 1093 365 1164 praesidium
389 1093 426 1146 111
449 1092 553 1145 milium
578 1091 701 1160 tradidit:
731 1091 877 1163 Xenophilo
903 1091 972 1144 arcis
997 1107 1061 1144 cura

154 1163 281 1216 mandata
299 1170 347 1230 est,
367 1160 548 1215 Macedonum
566 1169 654 1213 aetate
673 1161 804 1229 gravibus
821 1161 972 1230 praesidere
991 1161 1061 1214 arcis

155 1232 291 1304 enstodiae
319 1229 415 1300 jussis:
446 1228 627 1283 thesaurorum
655 1229 787 1283 Callicrati
810 1229 894 1284 tutela
916 1231 1059 1300 pennissa:

156 1309 278 1370 satrapea
290 1300 403 1368 regionis
414 1299 541 1354 Susianae
559 1299 680 1352 restitute
692 1299 825 1354 Abulitae.
861 1299 979 1352 Matrem
998 1316 1061 1369 quo·
1102 1356 1104 1360 ,

173 1386 208 1422 ne
221 1369 298 1422 Darei
310 1379 337 1421 et
349 1369 445 1423 liberos
456 1369 482 1420 in
495 1369 591 1422 eadem
604 1369 668 1422 urbe
685 1369 802 1438 deponit.
837 1370 878 1422 Ac
889 1367 956 1420 sorte
969 1369 1060 1421 Mace·

155 1387 264 1491 lonicae
284 1447 370 1491 restes
394 1438 558 1506 multamque
582 1454 731 1508 purpuram,
752 1437 819 1491 donc
842 1455 876 1491 ex
899 1438 1060 1491 Macedonia

156 1507 205 1560 sibi
232 1507 357 1577 missam,
376 1525 437 1561 curn
464 1507 512 1575 his,
532 1521 601 1576 qnae
627 1507 800 1578 coniecerant,
823 1507 888 1560 tradi
909 1507 1060 1578 Sisygambi

154 1575 245 1646 jubet:
265 1577 336 1629 omni
349 1592 465 1646 namque
475 1574 574 1628 honore
587 1591 648 1629 eam
660 1585 687 1629 et
704 1577 750 1629 filii
768 1592 873 1646 quoque
890 1577 990 1647 pietate
1003 1591 1060 1646 prc-

157 1645 332 1716 seqnebatur:
357 1644 547 1714 admonerique
569 1645 653 1716 jussit,
674 1655 702 1700 ut
720 1647 742 1698 si
760 1645 831 1699 cordi
850 1662 955 1716 quoque
976 1647 1059 1699 vestis

155 1723 234 1782 esset,
253 1715 383 1768 conficere
401 1731 462 1767 eam
485 1723 579 1783 neptes
601 1730 664 1767 suas
686 1715 872 1786 assuefaceret,
892 1715 1012 1784 donoque
1030 1731 1060 1768 se

155 1784 261 1837 doceret
282 1785 365 1837 dare.⁵
399 1784 441 1838 Ad
463 1783 532 1836 hanc
544 1799 639 1836 rocem
658 1783 784 1838 lacrimae
803 1785 909 1838 obortae
922 1785 1060 1855 prodidere

154 1853 273 1906 animuin
293 1854 458 1924 aspernantis
476 1851 502 1906 id
522 1869 633 1922 munus,
650 1853 748 1924 qnippe
768 1870 818 1907 non
837 1853 910 1906 alind
929 1855 1016 1922 magis
1034 1855 1059 1908 in

154 1923 344 1977 contumeliam
364 1923 499 1977 Persarum
521 1922 636 1976 feminae
656 1923 798 1992 accipiunt,
818 1939 899 2004 quam
916 1923 1059 1976 admovere

154 1992 231 2046 lanae
249 2009 353 2046 manus.
389 1993 516 2046 Nuntinnt
532 1996 577 2061 qni
589 1993 658 2044 dona
670 1992 790 2062 tulerant,
805 2000 904 2046 tristem
918 2009 977 2044 esee
989 1992 1058 2062 Sisy·

153 2062 430 2182 gambim,vdignaque
450 2080 491 2114 res
510 2070 536 2114 et
555 2063 725 2115 excusatione
745 2070 771 2114 et
790 2061 880 2114 solatio
898 2064 962 2114 visa.
999 2062 1058 2130 lpse

154 2146 216 2198 ergo
228 2131 377 2200 pervenica
408 2148 475 2200 eam,
489 2138 523 2199 et,
537 2131 632 2200 Mater,
646 2131 738 2200 inquit,
752 2131 821 2184 hanc
832 2144 944 2198 vestem,
955 2147 1008 2199 qna
1020 2131 1058 2183 in·

154 2197 234 2250 dutns
246 2215 314 2267 sum,
328 2215 444 2251 sororum
456 2215 506 2250 non
519 2199 618 2251 donum
630 2199 724 2268 selum,
738 2199 784 2252 sed
798 2201 879 2254 etiam
891 2216 958 2270 opus
969 2197 1056 2252 vides:

154 2267 235 2318 nostri
252 2267 384 2336 decepere
401 2283 446 2318 me
463 2283 558 2318 mores.
594 2268 673 2337 Cave,
689 2268 805 2337 obsecro,
825 2271 850 2322 in
869 2269 1059 2322 contumeliam

153 2334 299 2406 aeceperie³
310 2335 498 2404 ignorationem
510 2351 609 2388 meam.
639 2335 713 2394 Quae
726 2339 765 2390 tni
777 2339 857 2392 moris
869 2354 927 2390 esse
940 2339 1056 2408 cognovi,

154 2412 183 2457 ut
202 2421 284 2474 spero,
303 2403 409 2457 abunde
427 2412 530 2478 serrata
548 2413 617 2456 sunt.
653 2405 712 2458 Scio
729 2406 800 2476 apud
818 2424 865 2460 ros
882 2407 935 2460 filio
953 2410 978 2462 in
997 2423 1057 2462 con·

155 2482 248 2543 spectu
267 2473 357 2526 matris
375 2473 452 2527 nefas
469 2491 528 2526 esse
547 2474 692 2545 considere,
709 2475 764 2529 nisi·
778 2493 840 2529 cnm
860 2476 905 2529 illa
921 2478 1056 2546 permisit:

154 2543 378 2614 quotienscunque
396 2543 431 2596 ad
451 2551 477 2596 te
496 2545 565 2613 veni,
584 2544 668 2597 donec
688 2555 716 2598 nt
734 2545 899 2599 considerem
918 2549 1055 2614 annueres,

155 2612 258 2664 restiti!
292 2613 471 2666 Pmcumbens
491 2613 616 2667 venerari*
635 2631 679 2667 me
700 2631 780 2684 saepe
801 2615 921 2668 voluisti:
946 2615 1054 2670 inhibui.

155 2681 329 2735 Dulcissimae
340 2684 419 2736 matri
431 2682 581 2753 Olympiadi
594 2701 690 2737 nomen
702 2683 824 2737 debitum
837 2677 884 2737 tibi
896 2683 985 2737 reddo.

183 2793 190 2816 1
307 2793 313 2815 i
349 2789 354 2799 ¹
382 2791 387 2812 l

181 2788 580 2932 :gripphnysepqqdffidizeteezqqreqqp
589 2789 752 2908 §Sffinmpn
763 2849 838 2918 1166,
848 2857 905 2896 note
916 2852 937 2905 1,
948 2849 1054 2917 and1716.

202 2904 257 2952 The
268 2906 353 2966 simple
364 2919 442 2956 mesni
486 2924 516 2964 rs,
531 2913 570 2956 ‘to
581 2907 639 2958 take
649 2908 704 2956 leod
711 2909 727 2956 ε’
740 2909 789 2956 thre
799 2922 855 2966 may
866 2909 896 2955 be
907 2907 968 2956 done
979 2908 1056 2956 either

154 2963 261 3031 l⁰.¹¹¹⁸k.⁶
271 2977 302 3010 nn
311 2965 413 3073 offerinp
423 2977 448 3013 tc
458 2977 467 3013 t
486 2981 499 3014 e
510 2967 579 3027 gods,
591 2981 618 3014 or
628 2965 664 3014 for
674 2967 742 3016 one’s
753 2982 808 3015 own
818 2967 964 3026 enjoyment.
990 2967 1055 3014 Here

154 3030 172 3069 rt
183 3037 203 3069 rs
214 3021 334 3083 evrdently
346 3024 387 3071 the
407 3034 476 3072 atter.

183 3085 191 3108 ⁸
201 3079 229 3127 ln
241 3081 282 3127 the
292 3081 450 3141 signification
460 3083 489 3131 ol
495 3081 536 3131 the
546 3083 670 3144 boundury
678 3083 706 3132 oi
712 3098 727 3132 a
736 3092 837 3144 country
847 3098 874 3132 cr
883 3083 1002 3143 province,
1013 3084 1053 3132 the

154 3139 590 3280 pipp&pgqqrgfflgyfrsssfflhss
601 3200 632 3248 he
643 3201 692 3255 (the
703 3201 770 3261 king)
779 3201 848 3250 mede
856 3201 923 3250 them
933 3218 948 3250 e
958 3210 1053 3261 present

153 3256 265 3386 ollam
274 3315 295 3363 is
305 3315 401 3422 usuallp
411 3315 523 3366 followed
533 3318 567 3376 by
576 3317 618 3365 the
628 3327 724 3376 present
734 3317 894 3425 snlp‘unctive.
919 3313 974 3366 'Phe
984 3325 1053 3367 exact

153 3389 247 3444 ureanrn
274 3373 302 3457 pi
313 3383 383 3422 rtwrt
411 3374 452 3423 the
467 3377 557 3435 perfect
572 3390 652 3426 seems
667 3378 764 3434 τοὶκ,ι
795 3377 857 3437 hope
872 3392 920 3438 you
935 3377 1053 3451 herenei

153 3434 570 3556 '‘llln’nlhannaoa:
