2410 3890
526 252 617 292 uraca
638 213 676 290 vr.
993 233 1054 290 :iso

149 361 230 418 finem
243 361 354 416 militiae
367 361 461 414 adesse
474 361 626 414 credebaut.
663 361 740 414 Haud
754 370 832 412 secus
844 369 926 427 qnam
940 375 987 427 par
999 367 1055 411 erat

151 433 260 498 territus,
286 432 330 500 qni
359 431 438 482 Indos
466 441 545 498 atque
576 431 670 482 ultima
699 431 812 483 Orientis
833 444 974 498 peragrare
1004 437 1055 480 sta·

150 503 262 570 luisset,¹
278 499 426 569 praefectos
444 499 577 566 copiarum
596 501 622 551 in
640 501 797 568 praetorium
817 499 962 550 contrahit:
983 497 1055 550 obor-

150 573 235 639 tisque
259 569 383 642 lacrimis,
402 585 436 620 ex
460 569 547 620 medio
570 568 667 636 gloriae
691 569 774 636 spatio
799 568 915 620 revocari
936 585 972 636 se,
994 567 1056 620 victi

117 675 119 680 r
150 640 235 708 magis
253 655 335 707 quam
353 637 458 689 victoris
482 635 615 689 fortunam
642 639 667 688 in
692 637 803 705 patriam
829 637 971 689 relaturum
995 653 1055 690 oon·

149 717 260 778 questus
278 719 326 775 est,
341 723 389 758 neo
408 705 458 758 sibi
477 707 608 772 ignaviam
627 706 743 758 militum
761 707 872 774 obstare,
887 707 933 756 sed
946 706 1055 759 deorum

152 779 287 846 invidiam,
306 777 351 844 qui
376 774 522 826 fortissimis
543 777 605 831 viris
629 775 746 828 subitum
767 775 867 844 patriae
892 775 1056 828 desiderium

150 847 337 912 admovissent,
351 843 499 912 paulopost
518 844 543 896 in
562 844 677 916 eapdem
696 861 757 898 cnm
770 845 870 914 majore
883 843 961 895 lande
974 844 1056 896 sama·

151 934 203 984 que
228 914 370 966 rediturist
413 913 483 965 Tum
506 931 567 966 vero
591 931 636 983 pro
661 932 689 966 se
715 914 826 982 quisque
850 931 864 964 o
885 931 956 965 eram
981 930 1057 966 suam

151 986 254 1053 offerre,
264 981 420 1036 difficillima
433 1000 554 1052 quaeque
568 1001 683 1054 poscere,
694 983 811 1052 polliceri
825 931 939 1035 militum
952 999 1057 1051 quoqne

150 1054 315 1122 obsequium,
336 1052 356 1104 si
380 1053 482 1104 animos
506 1070 594 1105 eurum
615 1053 712 1104 leniet
731 1051 1057 1122 nptaorationepermul·

151 1139 212 1174 cere
232 1123 367 1174 vclnisset.
402 1122 696 1189 Nunquaminlractos
714 1131 741 1174 et
764 1121 882 1192 abjectos
907 1122 1056 1190 recessisse,

151 1192 272 1260 quotiens
291 1191 373 1259 ipsius
392 1187 557 1244 alacritatem
578 1200 604 1243 et
629 1191 696 1244 tanti
714 1191 796 1244 animi
817 1191 933 1260 spiritus³
952 1190 1057 1243 haurire

145 1262 305 1330 potuissent.
342 1260 381 1312 lta
399 1277 428 1312 se
445 1261 577 1313 facturum
597 1277 656 1312 esse
676 1260 824 1329 respondit:
844 1260 881 1312 illi
895 1261 972 1312 modo
985 1260 1057 1328 vulgi

151 1347 229 1382 aures
253 1337 439 1397 praepararent
463 1329 523 1384 sibi.
560 1329 681 1398 Satisque
706 1331 835 1398 omnibuS,
857 1331 976 1398 quae-in
1001 1347 1057 1382 rem

152 1398 309 1451 ridebantur
329 1415 396 1466 esse,
412 1399 571 1467 compositis,
585 1399 671 1450 vocari
690 1400 723 1450 ad
742 1399 893 1452 contionem
911 1399 1058 1454 exercitum
1121 1397 1123 1402 ’

150 1467 234 1537 jussit,
248 1467 318 1536 apud
331 1483 412 1536 quern
425 1467 506 1520 talem
519 1469 663 1520 orationem
678 1467 786 1520 habuit:

186 1543 209 1589 7.
223 1535 435 1604 Magnitudinem
446 1555 540 1606 rerum,
550 1555 616 1606 quas
624 1539 765 1605 gessimus,
776 1537 884 1603 milites,
895 1535 1059 1590 intuentibus

149 1606 232 1675 vobis,
247 1607 356 1658 minime
368 1607 465 1659 mirum
477 1616 525 1674 est,
540 1617 566 1658 et
578 1607 740 1660 desiderium
752 1607 851 1674 qnietis
867 1614 894 1657 et
907 1603 1059 1660 satietatem

149 1675 246 1741 gloriae
259 1691 403 1728 occurrere.
439 1675 474 1728 Ut
485 1675 609 1733 omnum
628 1676 737 1745 Illyrios,
757 1675 895 1744 Triballos,
914 1675 1059 1746 Boeotiam,

149 1745 298 1814 Thraciam,
324 1745 451 1813 Spartam,
476 1745 605 1811 Achaeos,
630 1745 849 1814 Peloponnesum,
874 1761 984 1813 quorum
1007 1744 1060 1798 alia

149 1813 229 1866 ductu
249 1831 317 1880 meo,
336 1814 388 1864 alia
406 1813 515 1881 imperio
533 1815 702 1882 auspicioque
724 1814 872 1882 perdomui,
889 1831 953 1866 ecce
971 1831 1059 1868 orsum

150 1881 251 1936 bellum
269 1883 304 1933 ab
322 1881 492 1949 Hellesponto
501 1885 519 1933 :⁴
536 1883 619 1945 lonas,
639 1883 778 1935 Aeolidem
799 1883 904 1936 servitio
922 1883 1060 1936 barbariae

150 1951 313 2020 impotentis⁶
324 1951 487 2018 exemimus,
500 1951 612 2017 Cariam,
626 1951 746 2020 Lydiam,
760 1952 965 2020 Cappadociam,
979 1953 1060 2022 Phry-

149 2019 231 2087 giam,
244 2017 459 2086 Paphlagoniam,
473 2018 666 2088 Pamphyliam,
680 2021 790 2088 Pisidas,
804 2020 933 2090 Ciliciam,
946 2021 1058 2091 Syriam,

151 2087 309 2156 Phoenicen,
329 2089 490 2155 Armeniam,
510 2088 655 2156 Persidem,
674 2089 777 2150 Medos,
800 2089 957 2144 Parthienen
978 2089 1060 2144 habe·

150 2175 211 2210 mus
231 2157 256 2208 in
277 2164 421 2226 potestate:
446 2158 535 2226 plnres
555 2159 701 2225 provincias
718 2161 874 2228 complexus
892 2177 959 2228 sum,
979 2177 1060 2230 quam

150 2226 197 2278 alii
216 2226 294 2279 urbes
311 2235 443 2293 ceperunt,
458 2235 484 2278 er
500 2227 588 2279 nescio
606 2245 639 2280 arr
657 2227 824 2289 enumeranti
842 2228 908 2281 mihi
927 2230 1061 2298 quaedam

151 2297 267 2364 ipsarum
288 2313 374 2348 rernm
395 2295 537 2349 multitudo
556 2295 722 2358 subduxerit.
757 2299 850 2366 ltaque
870 2299 894 2350 si
913 2299 1058 2369 crederem,

150 2366 214 2418 satis
227 2373 325 2416 certam
340 2382 399 2418 esse
411 2367 604 2434 possessionem
618 2376 751 2436 terrarum,
762 2385 829 2436 quas
839 2376 910 2424 tanta
919 2368 1059 2424 velocitate

144 2433 308 2502 domuimus,
323 2451 372 2502 ego
385 2435 466 2503 vero,⁶
478 2435 584 2504 milites,
597 2436 630 2487 ad
647 2445 757 2504 penates
775 2453 858 2506 meos,
871 2439 904 2488 ad
922 2447 1061 2506 parentem

149 2519 309 2572 sororesque,
326 2515 352 2556 et
371 2513 474 2555 ceteros
491 2505 571 2572 cives,
587 2505 627 2557 vel
647 2505 820 2558 retinentibus
831 2506 925 2573 vobis,⁷
938 2523 1059 2576 erumpo·

149 2589 214 2640 rem,
227 2587 255 2625 ut
268 2573 312 2626 ubi
326 2574 491 2641 potissimum
506 2584 578 2642 parta
588 2574 723 2626 vobiscum
736 2574 942 2648 landeletgluria
951 2575 1057 2646 fruerer,

928 2655 1056 2663 —-—

148 2671 269 2721 drachmae
277 2674 348 2721 make
358 2683 454 2721 astater
464 2691 560 2728 aureus,
571 2689 598 2720 or
606 2674 662 2734 gold
674 2675 756 2732 piece;
769 2690 814 2722 one
824 2675 932 2723 hundred
940 2679 1061 2725 drachmae

149 2734 250 2799 amiam·
263 2733 424 2792 cismarinae,
437 2748 464 2780 or
474 2733 511 2779 six
524 2733 643 2780 thousand
654 2737 782 2788 drachmae,
795 2749 809 2782 a
820 2734 903 2782 talant.

180 2797 186 2818 ¹
198 2791 284 2838 ‘Since
295 2791 325 2838 he
337 2791 382 2838 had
396 2791 523 2840 reached!
557 2791 604 2838 See
618 2792 699 2848 Gmm,
712 2791 726 2843 l
737 2795 789 2848 360,
802 2795 825 2840 6.

178 2849 333 2909 ²‘Alrhough
345 2850 438 2909 (ilthey
450 2850 489 2900 did
501 2861 542 2898 not
553 2851 608 2911 give
618 2867 672 2912 way
682 2862 707 2898 to
717 2851 766 2902 this
777 2851 872 2900 sudden
881 2851 988 2914 longiug)
1000 2852 1058 2916 they

150 2907 230 2955 would
241 2924 300 2956 soon
312 2910 411 2963 return’
425 2909 473 2956 dac.

180 2966 321 3034 ³Literally,
337 2967 392 3014 ‘the
404 2969 564 3036 respiration‚'
580 2969 635 3018 ‘the
646 2969 731 3018 braatlr
742 2971 758 3027 ;’
771 2969 933 3032 figurativam,
946 2988 973 3020 as
989 2972 1056 3029 here,

154 3032 159 3050 ‘
168 3023 337 3081 enthusiasm,’
354 3033 359 3052 ¹
368 3029 532 3075 excitament!

179 3089 187 3110 ⁴
201 3083 261 3164 ‘Let
270 3101 298 3132 us
308 3085 362 3132 looh
371 3085 428 3144 only
435 3096 460 3133 at
470 3087 614 3154 thelpresent
624 3103 682 3140 war.
693 3087 748 3157 how
757 3089 775 3136 it
786 3089 865 3150 began
875 3089 936 3139 from
944 3091 985 3140 the
997 3091 1056 3140 Hel·

151 3143 269 3265 lessplo'lille
281 3143 806 3262 dffscylbtcibllgsorltelerlhllgritlelllhbnhlallbnagriann'
834 3207 949 3270 Impulerat
961 3208 1057 3270 (supply

150 3263 206 3315 aaa),
219 3276 264 3308 one
276 3261 331 3307 who
342 3272 429 3308 cannot
440 3263 531 3311 control
546 3263 583 3312 his
598 3279 652 3311 own
664 3265 788 3323 passions3
807 3265 862 3315 here
873 3267 980 3326 opposed
991 3279 1016 3316 to
1026 3283 1058 3317 an

150 3321 617 3428 rtsdiatdriaunteitur
632 3323 1058 3437 ⁰¹’s0‘al0¹¹⁸l⁰ras⁰⁰¹¹¹²‘⁶··

143 3476 146 3482 r
178 3443 187 3468 ι
198 3437 236 3486 As
248 3447 273 3486 to
284 3455 336 3505 nera
347 3437 370 3484 in
381 3436 430 3485 this
440 3397 608 3496 weitiomnyupep
619 3397 721 3500 humuli³
731 3441 744 3493 l
755 3395 831 3492 llbll’
916 3419 923 3434 ⁶

180 3501 188 3524 ³
201 3495 288 3609 ‘Eveip'
295 3496 316 3544 rl’
327 3511 374 3556 you
386 3496 552 3546 endeavoured
562 3509 588 3547 to
598 3499 679 3548 detain
689 3501 746 3550 me!
758 3546 759 3550 ,
