2264 3880
194 236 253 292 268
461 249 501 290 mr
525 249 631 290 oasrrs
653 249 838 290 annuarum.

214 376 264 415 uae
276 356 378 428 accepi.
413 357 515 412 Relicto
527 359 607 426 igitur
618 358 726 428 Sopithe
738 357 765 410 in
777 375 826 410 suo
837 374 930 429 reguo,
944 360 982 414 ad
1001 361 1098 416 fluvium

194 377 324 498 itypasirfl
336 429 471 499 prooessit,
485 428 686 498 Hephaestione,
700 429 744 497 qui
763 428 896 482 diversam
917 431 1058 498 regionem
1067 449 1097 486 su·

195 498 311 567 begerat,
324 499 471 569 conjuncto.
506 499 630 566 Phegeus
642 505 697 550 erat
714 499 802 567 gentis
815 499 963 568 proximae
977 517 1039 554 rex:
1056 504 1096 572 qui,

194 569 364 638 popularibus
372 568 428 622 suis
437 567 524 621 colere
533 585 615 637 agros,
627 578 653 620 ut
665 582 844 636 assueverant,
855 567 951 638 jussis,
961 569 1096 625 Alexandro

160 643 163 648 ’
194 655 257 692 curn
269 638 345 692 donis
356 637 475 706 occurrit,
490 638 556 690 nihil
568 638 636 708 quod
651 637 793 707 imperaret
805 637 972 691 detrectans.

229 715 253 762 7.
278 708 395 762 Biduum
417 708 489 777 apud
512 725 574 760 eum
599 707 714 760 substitit
738 723 796 759 rex:
827 707 905 759 tertio
931 708 981 760 die
1005 725 1096 764 amnem

194 796 318 849 superare
343 778 507 846 decreverat,
532 777 641 830 transitu
668 776 805 829 difficilem
830 793 882 828 non
909 779 1004 847 spatio
1030 781 1095 832 solun

194 867 331 920 aquarum,
353 847 400 900 sed
424 847 505 899 etiarn
527 849 597 898 saxis
617 845 785 916 impeditum.
832 844 1017 901 Percontatus
1036 851 1095 918 igitur

194 919 309 987 Phegea,
329 934 398 987 quae
416 915 549 970 noscenda
567 923 648 984 erant,
667 917 703 968 XI
721 916 825 968 dierum
849 915 918 967 ultra
944 918 1048 972 flumen
1064 936 1095 990 per

194 999 283 1042 vastas
301 985 457 1040 solitudines
474 987 523 1038 iter
541 1002 600 1039 esse
618 986 766 1054 cognoscit,
784 985 907 1054 excipere
921 986 1028 1041 deinde
1045 991 1095 1042 Gan·

193 1076 253 1127 gen,
275 1058 423 1110 maximum
448 1055 526 1108 totius
548 1055 639 1108 Indiae
663 1056 818 1109 fluminum:
845 1054 1006 1110 ulteriorem
1030 1060 1095 1128 ripun

194 1127 281 1183 colere
300 1135 395 1196 gentes
413 1124 577 1194 Gangaridas
596 1133 622 1178 et
642 1125 752 1195 Prasios,
769 1140 915 1193 eorumque
938 1143 1034 1196 regem
1053 1145 1096 1180 ese

194 1200 393 1266 Aggrammem,
416 1196 464 1249 XX
492 1194 600 1248 milibus
628 1195 748 1264 equitum
778 1193 959 1263 ducentisque
994 1198 1096 1266 peditum

194 1265 362 1320 obsidentem
382 1265 448 1318 vias.
484 1264 526 1318 Ad
548 1263 608 1318 hoc²
626 1264 813 1334 quadrigarum
828 1263 880 1316 duo
897 1265 979 1318 milia
1002 1267 1096 1333 trahere,

195 1344 222 1388 et
251 1331 422 1404 praecipuum
454 1343 579 1386 terrorem
609 1333 771 1403 elephantos,
797 1348 862 1402 quos
892 1335 979 1387 trium
1010 1338 1097 1390 milium

194 1421 334 1464 numerum
360 1403 467 1473 explere
489 1402 606 1457 dicebat.
641 1403 809 1458 Incredibilia
831 1402 887 1470 regi
916 1405 1017 1458 omnia
1042 1405 1098 1458 vide

194 1473 298 1528 bantur.
334 1473 416 1542 Igitur
439 1473 536 1526 Porum
560 1473 634 1543 (uam
653 1489 715 1526 curn
736 1489 767 1538 eo
787 1474 854 1542 erat)
875 1483 1098 1544 percontarentur

194 1560 258 1600 vera
275 1551 372 1613 essent,
392 1559 462 1610 quae
481 1542 650 1596 dicerentur?
685 1541 741 1611 Ille,
757 1543 828 1595 vires
846 1541 960 1610 quidem
981 1547 1069 1613 gentis
1081 1553 1099 1596 et

195 1611 351 1682 regnihaud
370 1612 435 1666 salso
451 1611 552 1683 jactari,
565 1611 696 1679 affirmat3
714 1621 832 1664 ceterum
851 1611 897 1682 qui
918 1626 1048 1681 regnaret
1064 1631 1100 1667 nou

194 1683 273 1738 modo
298 1682 442 1752 ignobilem
470 1698 538 1749 esse,
564 1680 612 1734 sed
638 1681 721 1734 etiarn
746 1681 855 1734 ultimae
885 1683 986 1751 sortis;
1019 1685 1099 1754 quippe

231 1765 298 1806 trem
326 1751 385 1821 ejus
413 1758 553 1818 tonsorem,
577 1749 623 1804 vix
650 1751 742 1803 diurno
771 1759 884 1820 quaestu
909 1753 1099 1822 propulsantem

206 1838 293 1892 amen,
317 1829 423 1891 propter
444 1816 564 1874 habiturn
588 1819 659 1872 haud
689 1819 842 1874 indecorum
865 1819 941 1872 cordi
966 1823 1055 1878 fuisse
1075 1839 1099 1874 re

215 1893 281 1946 'nae
318 1891 361 1944 Ab
372 1907 406 1942 ea
417 1889 442 1942 in
455 1889 601 1959 propiorem
614 1889 680 1958 ejus,
691 1889 735 1958 qui
749 1899 806 1942 tum
819 1901 969 1959 regnasset,
980 1893 1099 1946 amicitiae

195 1911 283 2014 ffioum
296 1961 441 2028 admotum,
455 1957 592 2012 interfecto
604 1975 636 2010 eo
648 1975 695 2028 per
708 1959 823 2028 insidias,
837 1959 887 2012 sub
900 1961 1002 2028 speeie
1019 1961 1100 2016 tutelae

196 2031 309 2085 liberum
328 2030 387 2099 ejus
405 2029 531 2083 invasisse
551 2045 669 2096 regnum,
689 2029 842 2098 necatisque
860 2029 953 2098 pueris
975 2031 1100 2100 huncqui

197 2117 267 2154 nuuc
303 2099 414 2166 regnat,³
438 2114 584 2220 generasse
614 2098 729 2152 invisum
758 2097 896 2168 vilemque
928 2102 1099 2170 popularibus

196 2169 282 2235 magis
300 2178 426 2236 paternae
450 2175 567 2236 ortunae,
581 2183 661 2236 quarn
678 2183 749 2234 suae,
763 2184 922 2220 memorem.
961 2171 1099 2224 Affirmatiu

198 2239 256 2290 Pori
280 2236 457 2306 multiplicem
479 2236 567 2290 animo
592 2236 662 2304 regis
693 2235 821 2305 injecerat
851 2253 955 2290 euram.
1007 2241 1109 2293 Hostem

197 2307 344 2374 beluasque
368 2305 518 2374 spernebat,
537 2306 617 2358 situm
641 2305 757 2358 locorum
776 2314 802 2358 et
822 2306 878 2359 vim
895 2307 1050 2363 fluminum
1072 2321 1109 2362 ert

198 2375 372 2443 timescebat5
392 2373 521 2442 relegatos
539 2374 565 2426 in
583 2374 706 2427 ultimum
753 2393 803 2426 ene
822 2393 910 2430 rerum
931 2375 1100 2432 humanarum

197 2444 321 2516 persequi
344 2443 487 2496 terminum
512 2452 540 2496 et
564 2460 657 2496 eruere
683 2460 712 2495 ar
731 2461 795 2496 uum
813 2443 983 2505 videbatur,⁴
1020 2451 1101 2503 Rursus

197 2513 309 2568 avaritia
326 2512 435 2582 gloriae⁵
452 2520 479 2564 et
497 2511 654 2565 insatiabilis
677 2513 772 2582 cupido
796 2511 886 2566 famae
911 2515 985 2569 nihil
1006 2519 1100 2580 invium,

198 2584 262 2638 nihil
288 2591 417 2636 remotum
437 2581 521 2634 videri
544 2582 657 2635 sinebat.
694 2583 728 2636 Et
752 2581 886 2636 interdum
906 2583 1102 2657 dubitabatur

198 2654 369 2723 Macedones,
389 2660 425 2705 tot
444 2653 546 2704 emensi
564 2651 649 2722 spatia
661 2659 795 2720 terrarum,
809 2651 835 2704 in
848 2653 907 2706 acie
927 2663 956 2707 et
977 2656 1007 2710 in
1027 2655 1102 2710 castri

198 2742 277 2776 senes
294 2723 365 2791 facti,
385 2739 432 2791 per
454 2721 559 2790 objecta
581 2721 699 2789 flumina,
738 2737 766 2772 er
789 2728 827 2774 tot
844 2731 957 2776 naturae
979 2727 1103 2780 obstante

198 2793 370 2846 difficultates
384 2791 498 2844 secuturi
516 2800 619 2844 essent:
639 2738 806 2844 abundantes
826 2799 1000 2862 onustusque
1019 2794 1104 2866 praeda

197 2864 284 2930 magis
296 2873 369 2931 parta
381 2860 430 2913 lrui
443 2859 520 2928 velle,
533 2876 614 2928 qnam
626 2859 789 2928 acquirenda
801 2858 929 2928 fatigari.⁸
968 2866 1035 2920 Nun
1050 2866 1104 2917 iden

199 2931 248 2983 sibi
262 2939 289 2983 et
302 2929 430 2982 militibus
442 2929 523 2982 animi
536 2946 596 2981 esse
606 2930 624 2981 :⁷
641 2945 670 2981 se
689 2929 768 2981 totius
778 2929 848 2981 orbis
861 2931 1015 3000 imperium
1029 2941 1105 2988 meru

201 3010 211 3014 .,
227 3029 289 3136 :Bpl
295 3031 364 3078 other
374 3032 468 3079 writers
479 3030 556 3079 eelled
567 3030 690 3090 Hyphasis
701 3008 748 3080 and
759 3008 876 3094 llypanis.

248 3094 254 3115 ⁶
291 3091 405 3138 oreover.’

228 3147 273 3196 'ln
286 3148 333 3216 this
345 3149 427 3196 clause
438 3147 479 3195 the
490 3148 576 3219 author
585 3149 645 3207 elipe
656 3147 717 3221 from
732 3151 774 3199 the
790 3151 891 3202 indirect
907 3153 964 3202 into
982 3156 1029 3204 the
1047 3157 1105 3206 dinc

198 3207 762 3334 sppeqlpqpqpllpqlulplgpgichpttqqtspeqpaqepme
780 3269 826 3318 and
842 3270 913 3352 bring
931 3279 961 3322 to
980 3273 1049 3338 light
1066 3286 1106 3324 me:

199 3322 277 3372 exiled
289 3324 376 3371 almost
388 3331 413 3370 to
423 3323 464 3370 the
476 3323 579 3391 lurthest
590 3327 714 3386 boundary
725 3327 752 3375 ol
764 3327 804 3376 the
816 3330 900 3377 world.

229 3389 237 3414 ¹
247 3383 271 3428 A
283 3395 366 3440 strong
377 3396 530 3439 expression:
551 3382 606 3430 ‘the
618 3385 720 3446 burning
730 3386 800 3434 thirst
811 3387 847 3435 lor
857 3388 945 3456 glory.'

227 3445 236 3470 ⁸
248 3440 335 3488 ‘Thau
346 3449 371 3488 to
384 3454 463 3498 wecry
474 3439 622 3489 themselves
633 3443 693 3510 nith
704 3445 745 3492 the
756 3446 900 3505 acquisitson
910 3447 940 3504 os
953 3466 1016 3501 new
1027 3449 1106 3511 boon!

229 3501 237 3524 ¹
248 3498 328 3546 ‘That
338 3498 369 3592 he
380 3496 427 3545 had
438 3506 479 3545 not
490 3497 531 3544 the
542 3513 610 3548 sume
620 3516 696 3550 urens
707 3518 734 3552 as
744 3504 785 3553 the
796 3505 916 3555 solutore)
