2264 3880
163 205 223 264 Μ
426 225 466 264 ua
489 223 595 266 casus
617 223 800 266 tutamur.

162 331 290 402 irruperat
308 331 419 402 stipatus
437 331 581 387 satellitum
597 332 681 401 turba,
693 347 806 402 quorum
823 332 959 402 princeps
977 332 1071 388 Melea·

162 417 218 470 ger.
254 402 391 470 iratusque
414 401 539 456 Perdicca
562 402 618 471 hos,
642 403 686 470 qui
710 401 858 454 Alexandri
885 419 991 480 corpus
1013 402 1071 454 tueri

162 469 270 540 vellent,
289 480 412 540 sevocat;
435 471 482 524 sed
501 473 546 542 qui
564 473 707 540 irruperant
726 471 831 523 eminus
852 471 913 524 tela
939 487 972 523 an
995 473 1072 540 ipsun

161 538 303 608 jaciebant.
340 540 487 610 Multisque
507 541 658 610 vulneratis,
682 539 788 592 tandem
813 542 943 593 seniores
967 540 1073 608 demptis

161 607 254 678 galeis,
267 626 319 678 quo
331 608 437 662 facilius
452 610 525 662 nosci
543 617 656 678 possent,
670 610 779 679 precari¹
797 611 842 676 qui
864 627 935 662 cum
958 610 1072 663 Perdicca

161 686 236 729 orant
248 695 367 749 coepere,
381 688 409 732 ut
421 679 578 732 absisterent
592 678 667 746 bello,
681 678 788 746 regique
807 686 835 729 et
854 679 989 748 pluribus
1005 679 1069 732 cede-

162 755 228 798 rent.
273 746 378 801 Primus
407 748 533 800 Perdicca
561 764 635 800 erma
664 745 784 816 deposuit
792 762 800 816 3
830 749 984 818 aetatique
1013 749 1072 800 idern

161 813 259 868 fecere.
295 817 433 886 Meleagro
451 817 547 870 deinde
567 815 702 884 suadente,
721 832 755 869 ne
771 832 788 868 a
803 833 919 886 corpore
934 817 1072 872 Alexandri

162 884 339 955 discederent,
357 885 459 938 insidiis
476 886 564 938 locum
582 887 673 957 quaeri
693 885 747 952 rati,
763 883 875 938 diversa
894 887 994 954 regiae
1012 898 1074 956 parte

161 954 196 1007 ad
216 954 377 1024 Euphraten·
385 955 476 1024 fugam
492 955 650 1008 intendunt.¹
687 955 830 1024 Equitatus,
849 957 902 1024 qui
921 973 962 1010 ex
981 955 1074 1010 nobiha

162 1024 236 1076 simis
253 1025 381 1094 juvenum
393 1025 536 1093 constabat,
550 1024 705 1077 Perdiccam
723 1033 749 1075 et
767 1023 945 1078 Leonnatum
960 1026 1075 1094 frequens

162 1095 320 1162 sequebatur
327 1110 335 1162 3
347 1093 523 1164 placebatque
532 1093 662 1146 excedere
670 1092 743 1161 urbe,
756 1093 912 1146 attendere
927 1093 958 1146 in
973 1095 1073 1162 campis.

161 1161 212 1215 Sed
226 1163 351 1215 Perdicca
364 1179 397 1214 ne
409 1163 514 1232 pedites
526 1162 636 1232 quidem
649 1171 784 1215 secuturos
796 1163 889 1230 ipsum
902 1161 1073 1244 desperabat:

162 1231 251 1300 itaque
263 1249 296 1284 ne
308 1231 465 1285 abducendo
474 1232 586 1302 equites³
597 1232 733 1301 abrupisse
744 1247 761 1282 a
772 1242 863 1284 cetero
873 1241 1004 1286 exercitu
1013 1233 1074 1285 ride

161 1309 238 1370 retur,
252 1301 278 1354 in
291 1303 356 1354 urbe
369 1301 498 1354 subsistit.

195 1373 237 1420 25.
256 1372 291 1422 At
310 1369 447 1437 Meleager
466 1387 556 1437 regern
575 1385 683 1424 monere
700 1385 750 1422 non
768 1369 881 1438 destitit,
898 1369 950 1440 jus
969 1371 1073 1440 imperil

160 1437 303 1490 Perdiccae
323 1447 406 1492 morte
428 1439 598 1492 sanciendum
620 1455 695 1491 esse:
721 1439 746 1490 ni
767 1446 916 1508 occupetur
938 1440 1074 1510 impotens

159 1507 273 1574 animus,
292 1523 334 1559 res
351 1516 522 1560 novaturum:
542 1510 698 1562 meminisse
716 1524 776 1560 eum
796 1507 861 1576 quid
882 1507 920 1560 de
945 1527 1012 1577 rege
1030 1525 1073 1560 me-

160 1576 275 1646 ruisset,⁶
293 1576 428 1631 neminem
447 1585 537 1630 autem
556 1578 582 1630 ei
594 1578 659 1630 satis
677 1577 759 1629 lidum
777 1593 845 1645 esse,
862 1594 954 1644 quem
972 1587 1073 1631 metuat.

158 1645 215 1698 Rex
227 1646 377 1715 patiebatur
389 1648 481 1716 magis,
494 1662 576 1715 quarn
587 1647 787 1699 assentiebatur.
825 1647 924 1715 ltaque
940 1648 1072 1714 Meleager

159 1714 294 1768 silentium
318 1731 365 1785 pro
388 1716 500 1786 irnperio
524 1715 623 1785 hebuit,
645 1717 769 1784 misitque
793 1716 863 1783 regie
889 1718 1018 1785 nomine,
1038 1717 1072 1784 qui

160 1783 313 1837 Perdiccam
326 1794 501 1838 accerserent.
537 1785 636 1838 Iisdem
653 1785 816 1853 mandatum,
830 1795 859 1836 ut
872 1786 1045 1854 occiderent,
1056 1784 1072 1836 si

159 1854 249 1906 verrire
279 1854 421 1908 dubitaret.
460 1853 594 1922 Perdicca,
620 1855 737 1908 nuntiato
767 1853 914 1907 satellitum
951 1855 1071 1920 adventu,

159 1923 294 1976 sexdecim
314 1923 421 1977 omnino
433 1924 522 1993 pueris
534 1925 622 1990 regiae
635 1923 749 1974 cohortis
760 1924 916 1976 comitatus⁷
937 1924 967 1978 in
988 1925 1072 1978 limine

159 1991 254 2044 domus
277 2009 342 2046 suae
362 1993 484 2062 constitit,
505 1993 706 2061 castigatosque,
726 2001 752 2044 et
776 1991 911 2060 Meleagri
940 1994 1072 2063 mancipia
1102 2011 1103 2050 l

159 2061 305 2114 identidem
326 2062 470 2131 appellans,
489 2062 527 2113 sic
546 2061 628 2113 animi
641 2060 782 2129 vultusque
799 2063 956 2116 constentia
978 2064 1071 2130 terruit

90 2185 96 2194 ,
158 2143 187 2183 ut
207 2131 250 2182 vix
270 2133 367 2184 mentis
389 2139 526 2200 compotes
549 2131 678 2198 fugerent.
715 2130 842 2183 Perdicca
863 2147 970 2199 pueros
995 2149 1073 2201 equus

157 2199 234 2268 jussit
252 2200 437 2269 conscendere,
455 2209 560 2253 etcum
577 2200 668 2269 paucis
685 2199 832 2252 amicorum
849 2199 885 2251 ad
905 2200 1073 2254 Leonnatum

158 2269 286 2348 pervenit,
305 2269 360 2338 jem
380 2270 495 2323 finnicre
515 2269 645 2339 praesidio
666 2269 719 2322 vim
741 2269 953 2350 propulsaturus,
977 2271 1000 2324 si
1022 2271 1074 2339 quis

158 2337 275 2389 inferret.
312 2337 428 2390 Postera⁸
447 2338 491 2390 die
511 2339 618 2406 indigna
642 2354 684 2390 res
706 2338 902 2392 Macedonibus
922 2339 1073 2406 videbatur,

158 2405 314 2459 Perdiccam
327 2407 361 2459 ad
374 2408 465 2459 mortis
476 2407 621 2475 periculum
635 2405 787 2476 adductum,
800 2416 827 2470 et
839 2407 981 2477 Meleagri
997 2419 1073 2463 teme

158 2475 262 2528 ritatem
282 2475 364 2528 arrhis
382 2475 468 2528 ultum
489 2479 526 2527 ire
546 2477 725 2530 decreverant.
762 2479 855 2545 Atque,
871 2475 917 2528 ille
942 2478 1072 2532 seditione

157 2547 268 2616 provisa,
282 2561 343 2598 cum
357 2560 447 2612 regem
455 2542 566 2614 adisset,
583 2547 740 2614 interrogare
759 2563 820 2599 eum
840 2548 941 2617 coepit,
962 2565 999 2601 an
1020 2550 1074 2601 Per·

158 2613 263 2668 dicaam
281 2614 471 2684 comprehendi
490 2615 546 2684 ipse
565 2614 696 2684 jussisset.
731 2615 779 2668 llle
791 2615 927 2685 Meleagri
947 2617 1073 2670 instinctu

185 2763 299 2925 &iiiiii
305 2781 379 2870 (iiieet
391 2820 453 2869 their
464 2821 534 2882 flight
549 2822 611 2903 frpnr
626 2821 668 2870 the
684 2821 793 2882 opposite
803 2837 831 2869 or
841 2821 908 2870 back
922 2833 982 2882 part
994 2823 1026 2872 of
1037 2823 1073 2872 thu

157 2881 565 3008 pa¹aibiiicirisaiiieesshiiilirgietb
575 2940 634 2988 both
644 2941 840 3009 verbsbetureen
850 2939 936 2988 which
944 2941 969 3009 'it
981 2942 1072 2991 stands.

187 3002 194 3024 ¹
208 2997 278 3044 ‘The
288 2998 352 3058 right
363 2999 392 3047 of
403 3000 441 3048 hts
452 3000 633 3060 government3’
652 2997 704 3047 that
715 3015 745 3055 ts,
759 2999 796 3046 hrs
806 2998 870 3059 right
881 3013 910 3046 as
921 2999 996 3062 king.

187 3054 240 3104 ‘Im
251 3115 256 3123 Ι
268 3064 320 3104 tens
332 3055 389 3106 here
400 3074 484 3106 means
498 3059 660 3114 ‘ambitiosa’
673 3058 799 3107 inasmuch
810 3073 837 3105 as
848 3058 974 3108 ambitiou
987 3060 1073 3110 multus

157 3129 213 3164 men
225 3117 240 3162 b
251 3114 291 3164 md
301 3115 326 3164 iu
336 3117 421 3178 regard
431 3127 456 3164 tc
468 3118 509 3166 the
520 3117 570 3166 real
581 3127 664 3176 extent
674 3117 702 3166 of
714 3117 777 3166 their
786 3132 844 3164 own
857 3131 954 3176 power.

183 3193 194 3218 ⁸
205 3187 321 3248 Namcly,
334 3191 393 3236 male
402 3191 495 3244 meruit,
506 3207 603 3250 menam
613 3199 752 3250 mortemque
761 3190 853 3238 weit.

186 3259 419 3319 '‘Aeeompenied!
452 3260 515 3307 This
530 3261 653 3322 participle
669 3262 697 3309 of
713 3261 756 3310 the
776 3261 898 3321 deponent
913 3265 1020 3313 anau
1033 3264 1072 3314 bas

157 3317 245 3366 almost
257 3319 348 3378 always
359 3333 374 3365 u
384 3317 479 3375 passive
493 3322 613 3380 meaning.
645 3319 693 3368 See
705 3319 785 3369 cmm.
797 3321 811 3373 f
823 3323 874 3378 139,
887 3330 950 3370 note
961 3326 986 3372 8.

185 3393 195 3418 ¹
206 3388 306 3437 Curtius
316 3404 374 3438 uses
384 3397 474 3450 postero
483 3391 522 3438 die
532 3391 605 3440 much
616 3406 683 3441 mors
692 3387 839 3454 frequently.
