2410 3890
522 245 614 294 traua
634 256 661 295 v.
988 241 1042 294 119

134 362 219 416 simus
230 361 276 414 illa
294 377 363 430 quse
382 362 520 431 petimusl
556 362 626 414 Inter
645 361 693 415 hos
711 363 849 418 latendum
867 371 915 435 est,
929 364 975 434 qui
997 382 1043 418 nos

134 431 245 484 unsaros
256 432 334 484 nosse
346 441 498 500 coeperunt.
534 431 607 482 Haec
621 432 777 486 Euctemon.

172 504 211 553 19.
224 501 318 553 Contra
330 499 493 568 Theaetetus
506 499 677 552 Atheniensis
688 518 763 554 orsus
775 510 816 554 est
828 501 932 555 dicere:
952 500 1043 556 Nemi·

135 586 199 622 nem
210 570 285 638 pium
298 568 388 622 habitu
403 569 517 638 corporis
529 586 590 621 suos
603 571 813 640 aestimatorum,
827 571 918 639 utique
931 571 1043 624 saevitia

135 638 225 708 hostis,
246 655 294 691 non
314 650 414 706 natura,
437 637 611 690 calamitosos.
652 639 762 706 Dignum
785 655 845 691 esse
868 640 941 692 omni
964 641 1042 708 malo,

135 708 180 776 qui
199 708 366 760 erubesceret
386 706 506 759 fortuito:
526 707 626 759 tristem
647 709 716 760 enim
739 709 772 760 de
794 708 962 760 mortalitate¹
976 708 1052 768 ferre,

135 776 303 846 sententiam,
317 787 343 828 et
356 776 497 845 desperare
516 777 808 847 mise1·icordiam,quia
828 777 884 846 ipse
904 777 981 828 alteri
998 779 1043 830 ‹le-

135 854 278 914 negaturus
295 847 336 898 sit.
373 845 450 913 Deos,
464 845 534 913 quod
555 845 604 914 ipsi
623 863 757 915 nunquam
771 855 860 916 optare
873 845 931 897 ausi
950 843 1042 912 forent,

135 911 230 966 offerre
248 916 367 983 patriam,
386 914 520 984 conjuges,
541 913 645 982 liberos,
666 924 692 968 et
736 915 843 984 sicquid
862 914 983 968 homines
1001 917 1043 967 vel

135 983 189 1036 vita
207 984 369 1052 aestimant,²
381 983 424 1034 vel
436 993 520 1036 morte
541 984 681 1036 redimunt.
716 933 798 1044 linire
810 984 848 1036 illi
867 1000 902 1036 ex
920 983 969 1036 hoe
988 1003 1042 1035 car-

134 1069 196 1104 cere
214 1062 398 1120 erumperent:
423 1051 506 1105 aliurn
532 1053 604 1105 domi
630 1070 690 1106 esse
716 1054 784 1106 coeli
808 1053 943 1123 haustum,
961 1052 1044 1106 alium

134 1121 203 1174 lucis
220 1133 374 1191 aspectum:
395 1139 489 1191 morae,
504 1139 586 1192 sacra,
601 1122 706 1191 linguae
724 1123 916 1176 commercium
935 1121 1015 1175 etiarn
1028 1140 1045 1174 a

134 1190 253 1243 barbaris
265 1189 369 1261 expeti:
389 1207 458 1260 quae
471 1191 587 1259 ingenita
599 1193 653 1260 ipsi
666 1191 789 1245 omissuri
808 1193 859 1246 sint
877 1209 925 1244 sua
942 1203 1043 1271 sponte,

135 1275 186 1312 non
206 1258 240 1312 ob
257 1259 329 1314 aliud
349 1269 406 1312 tam
425 1259 578 1330 calamitosi,
592 1278 674 1382 quarn
694 1261 764 1333 quod
783 1261 835 1314 illis
852 1278 942 1314 carere
960 1271 1044 1314 coacti

134 1338 232 1382 essent.
269 1330 301 1382 Se
319 1337 391 1382 certe
410 1329 555 1382 rediturum
574 1347 590 1381 a
626 1341 737 1400 penates
749 1340 775 1384 et
788 1331 814 1383 in
828 1331 948 1400 patriam,
963 1339 1044 1383 tanto-

134 1413 187 1467 que
199 1398 329 1452 beneficio
341 1399 410 1467 regis
423 1416 548 1452 usurum:
569 1400 591 1452 si
610 1417 676 1468 quos
693 1400 879 1469 contubernii,⁴
892 1399 1045 1454 liberorum·

134 1485 194 1536 que,
208 1484 274 1537 quos
287 1469 399 1521 servitus
416 1468 547 1536 co'e'gisset
565 1486 716 1538 agnoscere,
730 1486 804 1522 amor
816 1469 955 1536 detineret,
970 1470 1045 1522 relin-

133 1539 264 1606 querent,⁶
275 1537 373 1607 quibas
390 1536 455 1589 nihil
474 1538 557 1606 patria
569 1539 656 1590 carius
674 1547 754 1591 esset.
791 1539 872 1591 Pauci
891 1535 970 1607 hujus
988 1557 1045 1592 sen·

134 1606 233 1659 tentiae
252 1607 340 1660 luere:
360 1614 463 1659 ceteros
480 1607 650 1676 consuetudo,
665 1615 757 1660 natura
768 1608 859 1678 potior,
873 1605 944 1660 vicit.
981 1609 1046 1660 Cou-

134 1685 280 1744 senserunt,
293 1675 438 1746 petendum
458 1691 517 1728 esse
530 1693 545 1727 a
558 1693 627 1746 rege,
641 1684 670 1729 ut
687 1676 805 1746 aliquam
818 1676 881 1746 ipsis
892 1676 1046 1729 attribueret

134 1744 236 1798 sedem.
272 1745 385 1798 Centum
402 1743 437 1796 ad
454 1743 506 1797 hoc
523 1745 605 1816 electi¹
621 1755 697 1798 sunt:
716 1762 782 1815 quos
794 1744 947 1798 Alexander
966 1756 1044 1813 ratus,

133 1813 204 1882 quod
222 1814 279 1884 ipse
297 1823 431 1884 praestare
449 1813 589 1882 cogitabat,
608 1815 742 1884 petituros,
755 1816 887 1882 lumenta,
901 1813 992 1883 inquit,
1005 1833 1046 1867 as·

133 1883 229 1952 signari
250 1900 319 1953 quae
339 1900 384 1936 vos
403 1881 537 1950 veherent,
558 1893 585 1936 et
606 1883 717 1952 singulis
734 1892 852 1937 vestrum
871 1881 946 1934 milia
967 1883 1045 1935 dena·

133 1953 211 2005 rium⁸
229 1951 286 2006 dari
304 1951 377 2022 jussi.
414 1953 481 2004 Cum
494 1952 625 2004 redieritis
642 1953 668 2004 in
688 1953 837 2020 Graeciam,
852 1950 998 2020 praestabo,
1013 1971 1045 2004 ne

133 2023 189 2092 qui⁷
200 2030 299 2076 statum
312 2039 398 2090 suum,
412 2021 434 2072 si
447 2021 515 2073 haec
527 2021 665 2074 calamitas
683 2021 759 2090 absit,
772 2028 859 2074 vestro
877 2018 968 2071 credat
986 2038 1045 2074 esse

133 2091 281 2146 meliorem.
317 2090 358 2144 Illi
376 2089 472 2142 obortis
490 2090 607 2142 lacrimis
625 2103 721 2144 terram
740 2089 916 2158 intuebantur,
933 2105 983 2142 uec
1001 2102 1045 2144 aut

133 2160 235 2229 erigere
257 2159 354 2230 vultus,
374 2167 421 2211 aut
444 2158 515 2228 loqui
536 2159 683 2212 audebant:
708 2159 817 2213 tandem
840 2175 902 2226 rege
925 2159 1046 2212 tristitiae

133 2247 241 2284 cansam
255 2230 386 2299 exigente,
400 2229 547 2282 Euctemon
566 2229 664 2282 similia
678 2227 718 2298 iis,
731 2246 801 2299 quae
820 2228 846 2281 in
865 2226 972 2280 consilio
990 2229 1047 2282 dix·

133 2307 198 2368 erat,
218 2298 361 2368 respondit.
399 2301 488 2378 Atque
507 2297 550 2351 ille
569 2315 620 2350 non
638 2297 758 2351 fortunae
776 2296 861 2350 solum
881 2314 980 2368 eorum,
1000 2298 1045 2350 sed

133 2369 215 2421 etiam
225 2367 402 2438 poenitentiae
412 2375 543 2435 misertus,
554 2377 628 2422 terna
641 2367 714 2421 milia
722 2367 860 2420 denarium
873 2365 982 2434 singulis
990 2367 1046 2420 dari

132 2437 225 2506 jussit:
239 2437 324 2490 denae
337 2445 425 2490 vestes
436 2435 558 2505 adjectae
571 2446 648 2506 sunt,
661 2445 688 2489 et
699 2444 820 2490 armenta
832 2453 893 2488 cunr
907 2436 1047 2504 pecoribus

133 2523 166 2559 ac
178 2506 310 2560 frumento
321 2505 390 2573 data,
404 2515 433 2558 ut
445 2505 493 2566 coli
508 2506 612 2574 serique
625 2506 766 2560 attributas
777 2505 812 2558 iis
823 2521 886 2572 ager
898 2516 993 2572 posset.

170 2581 210 2629 20.
230 2577 335 2630 Postero
351 2574 395 2628 die
413 2586 569 2626 convocatos
587 2575 671 2627 duces
688 2574 824 2644 copiarum
842 2571 927 2642 docet,
946 2573 1046 2626 nullam

165 2712 171 2733 ι
238 2704 243 2715 ’
594 2708 600 2729 ι
686 2703 691 2713 ·
736 2705 742 2727 r

135 2703 204 2874 §gli
220 2705 451 2824 ilhilihlllihliliutid
460 2703 765 2826 lllirlalel'hrlliinallilitiive
776 2761 804 2809 of
815 2760 895 2817 valae,
908 2777 950 2810 see
964 2762 1044 2812 Gram.

165 2827 316 2940 &particle
325 2879 353 2928 ol'
360 2879 507 2928 excitement
519 2879 593 2926 hera:
608 2879 683 2940 ‘they
691 2880 768 2940 might
780 2879 877 2928 rather.’
904 2879 950 2927 See
964 2881 1043 2930 Grani.

136 2941 213 2992 i.3⁵2.
227 2949 283 2989 note
293 2943 316 2987 4.
349 2940 386 2986 As
398 2949 423 2986 to
443 2938 543 2986 theuso
562 2937 590 2986 of
605 2938 646 2986 the
665 2937 819 2998 subjunctive
838 2938 863 2985 in
881 2937 923 2986 the
945 2939 1044 2989 indirect

135 2997 730 3126 sple'llliddeetiitiisnliiiiel§gilileli'tilhdciiilllerliirliriris
746 3070 816 3104 name
831 3054 860 3103 of
870 3059 1045 3128 cantabernium

136 3128 162 3164 to
172 3117 224 3166 that
235 3117 314 3164 which
331 3115 371 3163 the
386 3116 475 3163 former
491 3114 593 3174 speaker
604 3114 684 3163 would
700 3115 761 3164 have
772 3114 850 3163 called
861 3125 1041 3165 matrimonium.

137 3175 223 3225 Slaves
234 3175 306 3225 could
317 3184 357 3222 not
369 3183 475 3222 contract
486 3189 500 3222 a
512 3174 574 3234 legal
586 3174 711 3234 marriage.

165 3235 277 3295 ·Suppty
292 3235 318 3282 ii.
349 3232 398 3280 We
414 3248 470 3292 may
486 3233 632 3281 understand
648 3247 674 3280 as
689 3231 810 3292 gevemed
826 3233 859 3294 by
875 3235 1039 3294 relinquerent,

135 3295 213 3343 either
226 3300 232 3320 ⁸
242 3293 304 3341 their
315 3290 416 3338 Persian
425 3291 500 3339 wives
509 3291 555 3339 and
566 3291 691 3347 children,¹
704 3306 731 3340 or
745 3291 829 3339 ‘those
840 3289 868 3340 af
875 3291 937 3340 their
947 3306 1039 3350 compa·

135 3355 205 3402 nions
216 3353 272 3401 who
282 3365 346 3397 were
357 3349 470 3409 disposed
481 3360 505 3398 to
516 3350 607 3398 remain
617 3351 643 3398 in
653 3349 694 3398 the
705 3350 823 3410 country.’

163 3418 172 3442 ⁸
185 3413 225 3460 ‘A
236 3408 355 3460 thousand
365 3411 459 3457 denarii
469 3419 493 3457 to
505 3408 564 3457 each
574 3407 602 3456 of
609 3409 673 3469 you!
706 3408 753 3458 See
767 3408 846 3458 Gram.
858 3406 872 3460 l
884 3411 933 3458 106.

164 3467 303 3532 'Forqaia
336 3467 383 3516 See
397 3467 565 3520 Gramine.
