2314 3886
507 275 598 316 pisan
619 277 670 316 vii.
983 257 1039 314 189

131 396 221 440 autem
250 385 417 438 Chorasmios
440 393 467 436 et
491 383 581 438 Dahas
608 384 740 453 Sacasque
768 392 794 434 et
822 382 900 435 lndos
924 391 949 434 et
973 382 1041 434 ultra

132 457 254 510 Tanaim¹
275 473 382 508 amnem
404 454 522 506 colentes
543 453 661 522 Scythas,
683 471 792 522 quorum
816 454 949 504 nerninem
974 453 1041 504 adeo

132 525 262 578 humilem
275 541 343 592 esse,
357 533 384 575 ut
397 523 499 576 humeri
513 521 571 591 ejus
584 540 632 574 non
652 532 758 592 possent
776 521 932 574 Macedonis
951 522 1042 573 militis

133 596 260 647 verticem
277 610 402 662 aequare.
438 592 609 644 Conclamant
633 591 778 658 temulenti,
799 608 879 642 unam
898 591 966 643 harro
984 609 1042 644 seri-

134 665 243 716 tentiam
256 663 390 716 salubrem
403 679 477 713 esse:
497 671 524 712 et
541 661 639 713 Bessus
657 659 817 713 circumferri
831 678 932 712 merum
947 659 1043 728 largius

131 734 216 804 jubet,
229 733 408 786 debellaturus
421 747 499 800 super
512 748 633 784 mensam
646 729 835 782 Alexandrum.

172 807 210 854 16.
230 803 292 855 Erat
305 803 330 854 in
344 818 376 854 eo
389 801 509 852 convivio
528 799 648 866 Gobares,
663 800 766 852 natione
779 799 883 866 Medus,
897 799 942 850 sed
963 799 1042 866 magi·

134 889 182 924 cae
194 871 256 923 aitis
269 871 301 942 (si
314 870 393 922 modo
405 886 447 921 ars
458 881 506 936 est,
520 886 569 922 nori
583 869 718 922 vanissimi
736 867 862 936 cujusque
881 867 1043 938 ludibrium2)

135 941 220 1010 magis
237 937 404 1008 professione,
419 956 498 1007 quam
518 939 629 990 scientia
647 939 760 1006 celeber,
779 938 875 1004 alioqui
894 937 1044 988 moderatus

136 1019 163 1061 et
182 1009 284 1078 probus.
322 1009 348 1060 ls
366 1025 426 1060 oum
447 1009 581 1076 praelatus
600 1018 678 1076 esset,
695 1009 761 1060 scire
782 1024 856 1058 servo
877 1007 966 1058 utilius
985 1023 1043 1058 esse

136 1095 228 1158 parere
241 1078 319 1146 dicto,
332 1094 414 1146 quam
431 1077 525 1130 afferre
543 1077 689 1144 consilium,
703 1094 765 1128 cuin
784 1077 850 1143 illos,
864 1077 907 1144 qui
927 1085 1043 1144 pareant,

137 1147 207 1200 idem
227 1147 295 1216 quod
314 1157 415 1198 ceteros
432 1155 547 1214 maneat,
560 1147 605 1214 qui
619 1163 680 1198 vero
696 1145 831 1214 suadeant,
844 1145 975 1214 proprium
994 1143 1045 1196 sibi

139 1216 282 1284 periculum
294 1216 312 1269 :³
324 1215 446 1284 poculum
459 1217 547 1280 etiam,
561 1216 628 1284 quod
650 1213 764 1268 habebat
783 1215 808 1266 in
827 1231 916 1279 manu,
930 1213 1043 1265 tradidit.

137 1285 196 1344 Quo
214 1296 323 1354 accepto
341 1285 462 1352 Cobaies,
476 1286 583 1352 Natura,
599 1285 689 1352 iuquit,
703 1283 852 1336 mortalium
873 1285 921 1336 hoc
940 1299 1044 1350 quoque

138 1355 243 1406 nomine
264 1371 343 1422 prava
364 1363 390 1404 et
411 1353 516 1406 sinistra
536 1354 589 1405 dici
611 1361 703 1423 potest,
725 1353 793 1420 quod
818 1353 843 1404 in
865 1369 912 1404 suo
932 1351 1043 1420 quisque

139 1424 243 1492 negotio
261 1423 380 1476 hebetior
392 1431 439 1491 est,
453 1441 533 1491 quam
547 1423 571 1474 in
585 1423 679 1476 alieno.
716 1421 842 1474 Turbida⁴
859 1431 917 1474 sunt
936 1421 1044 1472 consilia

137 1509 236 1560 eorum,
250 1493 294 1562 qui
312 1492 363 1544 sibi
382 1493 502 1544 suadent.
538 1493 630 1544 Obstat
646 1501 741 1559 metus,
754 1490 814 1542 aliis
831 1492 969 1560 cupiditas,
984 1507 1044 1541 non-

138 1579 273 1631 nunquam
292 1561 417 1613 natuialis
435 1579 534 1630 eorum,
553 1579 621 1630 quae
641 1561 838 1628 excogitaveris,
857 1579 938 1612 amor.
974 1561 1043 1612 Nam

138 1630 163 1684 iii
177 1642 202 1684 te
215 1631 338 1702 superbia
355 1649 407 1683 non
425 1631 503 1683 cadit.
543 1631 672 1699 Expertus
689 1647 725 1694 es,
739 1645 962 1697 unumquemque,
975 1628 1044 1697 quod

138 1699 195 1768 ipse
214 1701 364 1770 reppererit,
383 1712 430 1752 aut
448 1699 544 1752 solum⁵
561 1709 606 1750 aut
624 1703 752 1767 optimum
773 1698 878 1749 (lucere.
915 1698 1043 1763 Magnum

137 1787 203 1822 otius
215 1771 328 1822 sustines
341 1768 437 1836 capite,
452 1785 543 1834 iesum
563 1767 673 1834 insigne.
712 1767 766 1818 Hoc
784 1777 829 1818 ant
841 1766 975 1818 moderate
988 1783 1044 1835 per-

138 1837 276 1890 ferendum
295 1848 342 1904 est,
355 1847 408 1905 aut,
422 1837 492 1906 quod
504 1836 658 1902 abominor,⁶
669 1837 694 1887 in
715 1846 740 1886 te
760 1843 824 1886 ruet.
861 1835 980 1902 Consilio,
994 1852 1044 1886 uon

138 1909 246 1974 impetu,
271 1924 337 1974 opus
360 1916 410 1958 est.
456 1905 556 1974 Adjicit
579 1905 683 1972 deinde,
708 1901 777 1973 quod
802 1903 870 1972 apud
896 1903 1045 1956 Bactrianos

138 1975 216 2042 vulgo
246 1975 413 2042 usurpabant,
445 1992 538 2026 cariem
570 1973 692 2026 timidum
723 1972 907 2024 vehementius
942 1971 1043 2038 latrare,

136 2061 219 2113 quam
248 2043 375 2112 mordere,
399 2043 529 2096 altissima
557 2059 678 2110 quaeque
707 2042 817 2094 flumina
846 2041 954 2092 minimo
984 2058 1045 2093 sono

137 2113 211 2166 labi.⁷
245 2111 319 2170 Quae
343 2112 448 2180 inserui,
469 2122 498 2164 ut
521 2111 711 2180 qualiscunque
733 2113 800 2161 iuter
819 2109 944 2162 barbaros
963 2111 1045 2178 potuit

85 2191 90 2204 '
137 2199 198 2234 esse
220 2181 365 2250 prudentia,
386 2183 538 2242 traderetur.
575 2181 622 2232 His
645 2179 808 2232 audientium
834 2179 1045 2251 expectationem

137 2251 330 2320 suspenderat.⁸
365 2252 433 2304 Tum
458 2251 597 2303 consilium
621 2251 712 2318 aperit,
738 2249 828 2301 utilius
850 2249 939 2315 Besso,
964 2265 1045 2316 quain

137 2323 245 2390 gratius.
281 2321 310 2374 lii
332 2320 469 2388 vestibulo,
486 2320 577 2389 iuquit,
596 2321 682 2387 regiae
704 2329 763 2372 tuae
786 2318 967 2370 velocissimus
985 2334 1044 2369 cori·

138 2389 205 2442 sistit
219 2408 271 2443 rex.
301 2393 371 2444 Ante
384 2389 429 2442 ille
441 2407 546 2458 agmen,
560 2407 638 2457 quam
653 2397 680 2440 tu
693 2405 813 2440 inensam
827 2387 903 2438 istam
918 2386 1044 2439 movebis.

140 2480 315 2554 TEa-means
324 2506 364 2553 the
374 2505 389 2554 J
392 2515 494 2560 exartes,
504 2505 583 2552 which
593 2521 643 2551 was
652 2504 729 2552 called
737 2506 768 2562 by
778 2475 1045 2551 Alexander'ssoldlers

137 2565 178 2614 the
190 2565 289 2619 Tanais,
302 2565 348 2613 and
360 2563 509 2611 consounded
520 2563 579 2610 with
591 2564 641 2611 that
652 2563 716 2610 river
727 2563 776 2616 (the
787 2561 886 2609 modern
898 2561 967 2615 Dori).

165 2629 175 2655 ⁵
187 2629 193 2650 ‘
203 2625 242 2670 An
253 2624 422 2672 amusement)

165 2688 174 2712 ²
188 2683 275 2731 ‘Since
287 2699 301 2731 a
311 2682 401 2742 danger
411 2681 518 2742 peculiar
533 2691 557 2728 to
574 2680 721 2728 themselves
737 2679 821 2727 awaits
838 2678 907 2726 those
919 2678 974 2726 who
990 2680 1042 2738 give

136 2741 236 2790 advice!
268 2741 316 2790 For
327 2743 379 2796 sibi,
389 2741 430 2788 the
442 2755 508 2788 more
519 2749 609 2787 correct
615 2753 728 2844 ¹pronoun
740 2737 820 2784 would
832 2739 861 2784 be
874 2739 939 2798 ipsis.
971 2737 1043 2784 Some

137 2801 215 2848 words
226 2815 312 2859 appear
323 2809 348 2846 to
359 2799 419 2846 have
431 2798 535 2858 dropped
547 2807 588 2845 out
600 2814 614 2844 a
634 2798 744 2850 erthese.
755 2796 815 2844 such
826 2812 852 2844 as
863 2814 878 2844 c
889 2796 961 2844 Besso
971 2798 1045 2845 ds'cere

135 2875 195 2918 pace
205 2859 230 2906 ia
241 2861 319 2928 animo
329 2861 511 2929 boberetjnssus
529 2867 570 2904 est.
603 2855 684 2904 These
696 2871 735 2926 are
747 2854 865 2924 required.
880 2855 903 2902 in
913 2854 982 2902 order
993 2855 1043 2926 that

136 2917 177 2964 the
187 2929 331 2966 nominative
342 2936 363 2966 u
375 2933 430 2977 may
440 2919 500 2964 lrave
510 2918 597 2964 averb.
622 2915 711 2964 Bessus
720 2931 740 2962 is
749 2914 790 2961 the
799 2915 893 2974 subiect
902 2913 929 2962 of
936 2917 1042 2962 tradrdrt.

137 2975 175 3062 Hp
186 2975 347 3083 yggnllggelll’e
358 2991 403 3036 sup
415 2976 511 3036 spealis.

167 3091 250 3138 ⁸Ttist
262 3092 291 3150 is,
303 3094 356 3142 ‘the
367 3097 425 3163 only
435 3095 504 3155 thing
514 3093 594 3142 which
605 3108 649 3141 can
660 3094 690 3140 be
701 3091 779 3141 done.¹

165 3151 208 3219 ’.Α
218 3151 299 3219 clause
309 3153 401 3200 thrown
409 3169 432 3200 m
440 3169 466 3200 as
475 3153 514 3200 tlie
524 3153 662 3212 expressiori
671 3151 699 3198 of
705 3167 735 3198 an
743 3160 838 3199 earnest
847 3151 909 3198 wish
918 3151 970 3199 that
978 3151 1042 3198 what

117 3253 122 3268 ,
137 3209 167 3260 he
179 3225 199 3258 ts
215 3210 333 3280 speaking
348 3211 375 3258 of
387 3227 443 3271 may
454 3223 495 3260 not
507 3213 562 3260 talis
574 3213 654 3270 place:
672 3210 818 3270 equivalent,
832 3226 858 3260 as
869 3211 900 3258 its
911 3209 1043 3258 derivatiou

136 3268 417 3384 Shllv'lhlddlldelnllll’
430 3275 490 3338 qaod
500 3271 547 3376 Jut
566 3273 811 3378 illlmlm‘werhild
861 3327 906 3376 'tfl
956 3327 962 3348 '
996 3326 1027 3374 Se

396 3345 537 3384 eriver,wi
609 3345 686 3377 cess
702 3344 763 3378 suun
807 3343 868 3378 ossi
907 3343 953 3374 ow.
1029 3341 1042 3374 e

137 3385 239 3516 Zumpt,
248 3385 409 3492 lhhlld'ilhrds
421 3445 451 3492 he
462 3445 508 3494 liad
519 3447 614 3494 excitcd
626 3445 666 3494 tlie
674 3424 826 3508 expectetiou
837 3445 865 3494 of
871 3445 909 3494 his
919 3444 1016 3492 hearers
1023 3443 1040 3493 ε’

136 3521 173 3552 eos
183 3521 225 3566 qus
234 3506 359 3553 audiemat
371 3520 497 3565 suspensos
508 3509 605 3553 terrebat.
