2314 3886
505 229 596 270 ursan
617 229 669 268 vii.
982 215 1042 273 2⁰3

125 335 216 392 lulum
227 338 430 405 cessaverimus,
445 340 469 388 in
482 337 562 404 tergis
574 336 668 390 nostris
680 335 794 406 Scythae
807 336 962 392 haerebunt.
998 340 1041 394 Au

126 407 300 475 solisuinus,
321 407 368 476 qui
392 407 502 459 flumina
529 416 663 459 transnare
690 405 861 474 possumusl¹
903 407 990 460 Multa
1014 409 1042 462 iii

127 479 306 544 nosmetipsos
328 476 452 544 recident,
466 476 564 544 quibus
581 475 670 527 adhuc
686 475 807 528 vicimus.
843 473 957 528 Fortuna
977 477 1043 531 belli

127 555 216 599 arteni
240 546 326 598 victos
354 561 459 614 quoque
489 546 575 596 docet.
618 544 726 598 Utribus
755 561 862 596 amnem
894 545 1043 614 trajiciendi

128 616 284 684 exemplum
305 614 419 668 lecimus
436 630 535 682 nuper:
555 613 612 681 hoc,
625 614 664 666 ut²
676 613 790 683 Scythae
803 613 900 667 imitari
912 617 1040 686 nesciant,

128 683 260 738 Bactriani
278 683 421 738 docebunt.
467 685 607 736 Praeterea
625 700 694 736 nnus
711 683 798 751 gentis
815 681 895 752 hujus
912 685 1044 740 exercitus

128 754 218 807 adhuc
229 754 311 820 venit,
325 752 407 808 ceteri
419 761 600 822 expectantur.
630 752 675 806 ,Ita
693 752 793 824 bellurn
807 753 912 806 vitando
930 753 1042 824 alemus,

129 832 158 883 et
170 823 240 894 quod
259 823 355 876 inferre
373 839 521 892 possumus,
534 823 655 891 accipere
673 839 807 890 cogemur.
843 822 990 876 Manifesta
1002 833 1043 878 est

129 893 233 946 consilii
251 893 306 945 mei
325 893 397 945 ratio.
433 893 483 946 Sed
501 909 534 944 an
554 891 707 961 permissuri
724 891 775 944 sint
794 891 860 944 mihi
878 891 1044 946 Macedones

129 963 220 1014 animo
239 963 278 1015 uti
291 978 359 1030 meo,
372 961 478 1030 dubito,
495 962 558 1030 quia
576 979 610 1014 eii
628 978 679 1029 quo
697 961 747 1014 hoc
765 961 860 1014 vulnus
877 962 978 1031 accepi,
992 979 1043 1018 non

130 1047 200 1100 equo
221 1040 313 1084 vectus
330 1048 397 1100 sum,
414 1049 464 1084 non
483 1031 596 1100 pedibus
614 1031 755 1098 ingressus.
792 1031 843 1084 Sed
859 1031 881 1084 si
902 1049 947 1084 me
968 1033 1044 1102 sequi

130 1101 219 1169 vultis,
233 1101 317 1170 caleo,
330 1102 418 1154 amici.
454 1101 522 1154 Satis
540 1101 636 1153 virium
654 1110 693 1152 est
710 1101 745 1152 ed
764 1100 898 1154 toleranda
916 1102 980 1170 ista,
998 1111 1044 1156 ant

131 1170 153 1222 si
171 1169 227 1238 jam
245 1171 320 1222 adest
340 1170 409 1223 vitae
428 1171 505 1224 meac
525 1171 591 1239 finis,
608 1170 634 1222 in
653 1187 704 1238 quo
722 1171 830 1224 tandem
849 1187 929 1240 opere
947 1171 1045 1226 ruelius

131 1240 287 1308 extinguar?
817 1277 828 1300 t

168 1313 209 1362 31.
228 1310 301 1362 Haec
324 1309 431 1379 quassa³
449 1308 538 1362 adhuc
561 1325 626 1362 voce
647 1308 832 1378 subdeficiens,
853 1311 898 1362 vix
918 1309 1044 1379 proximis

132 1378 355 1444 exaudientibus,⁴
374 1377 492 1446 dixerat,
515 1395 577 1432 cuin
601 1395 694 1432 omnes
713 1397 730 1430 a
749 1388 805 1434 tam
825 1379 962 1448 praecipiti
983 1397 1043 1434 con·

132 1447 190 1500 silio
210 1465 299 1516 regem
317 1447 448 1502 deterrere
466 1458 615 1516 coeperunt,
630 1447 753 1527 Erigyius
770 1449 895 1516 maxime,
908 1449 952 1518 qui
970 1448 1043 1504 haud

131 1533 196 1570 sane
214 1517 368 1570 auctoritate
385 1517 524 1586 proficiens
543 1517 614 1586 apud
632 1517 793 1572 obstinatum
810 1519 938 1585 animum,
953 1519 1043 1588 supe‘r·

131 1587 275 1652 stitionem,
299 1586 377 1656 cuius
400 1595 493 1656 potens
516 1604 568 1639 non
591 1596 646 1641 erat
671 1603 727 1654 rex,
752 1587 871 1640 incutere
895 1589 1042 1657 temptavit,

130 1655 263 1726 dicendo,⁶
285 1656 350 1710 deos
372 1671 477 1726 quoque
501 1655 604 1710 obstare
630 1655 747 1724 consilio,
772 1673 951 1725 magnumque
975 1658 1043 1726 peri·

130 1726 230 1795 ouluin,
245 1729 266 1779 si
281 1727 380 1779 flumen
400 1724 543 1793 transisset,
557 1725 669 1778 ostendi.
705 1725 813 1778 Intranti
832 1725 938 1794 Erigyio
957 1727 1045 1780 taber·

130 1795 256 1848 naculum
269 1797 339 1864 regis
352 1795 504 1848 Aristander
515 1804 671 1862 occurrerat,
686 1795 769 1848 tristia
787 1805 848 1848 exta
866 1795 950 1846 fuisse
962 1797 1039 1862 signi·

130 1864 227 1918 ficana:
252 1865 319 1917 haec
343 1881 376 1918 ex
400 1872 460 1916 vate
484 1873 619 1932 comperta
642 1864 765 1933 Erigyius
788 1863 934 1916 nuntiabat.
983 1865 1042 1924 Quo

129 1933 260 2001 inhibito,s
289 1933 447 1996 Alexander,
480 1949 528 1984 non
560 1933 598 1984 ira
626 1933 720 1997 solum,
752 1933 799 1986 sed
830 1933 912 1986 etiarn
941 1934 1042 2001 pudore

130 2003 263 2070 confusus,
294 2002 364 2071 quod
393 2002 550 2072 superstitio,
575 2019 655 2070 quam
685 2001 825 2070 celaverat,
850 2001 1043 2072 detegebatur,⁷

130 2072 314 2124 Aristandrum
333 2072 418 2124 vocari
435 2070 519 2139 jubet.
555 2071 605 2130 Qui
624 2080 652 2124 ut
670 2071 749 2138 venit,
768 2071 873 2124 intuens
890 2088 962 2135 eum,
982 2074 1042 2126 Nou

130 2157 183 2208 rex,
197 2142 289 2210 inquit,
303 2141 349 2193 sed
368 2143 485 2210 privatus
502 2141 582 2194 suml
617 2139 778 2194 Sacrificium
796 2149 825 2193 ut
842 2140 953 2210 faceres,
967 2159 1041 2196 nian-

102 2213 105 2220 '
129 2210 190 2263 davi
198 2227 205 2278 ;
224 2209 288 2280 quid
301 2227 333 2262 eo
345 2209 549 2280 portenderetur,
562 2227 609 2262 cur
620 2211 691 2279 apud
703 2209 793 2279 aliurn,
807 2227 888 2280 quam
907 2211 976 2280 apud
995 2229 1041 2266 me

130 2279 261 2348 professus
278 2281 327 2334 esl
364 2279 489 2349 Erigyius
505 2296 600 2332 arcana
618 2297 679 2332 mea
698 2289 724 2333 et
741 2289 851 2348 secreta,
865 2291 891 2333 te
905 2279 1040 2351 prodente,

129 2351 257 2418 cognorit.
294 2350 381 2410 Quem
403 2358 505 2402 certum
530 2349 682 2403 mehercule
708 2349 794 2404 habeo
816 2358 937 2404 extorum
961 2350 1041 2404 inter·

129 2428 202 2488 prete
226 2421 264 2474 uti
289 2430 361 2473 metu
385 2421 452 2472 suo⁸
486 2419 546 2472 Tibi
569 2428 660 2474 eutem
683 2420 806 2488 quietius,
831 2437 912 2489 quarn
936 2421 1042 2490 potest,⁹

129 2489 261 2559 denuntio,
274 2491 323 2560 ipsi
341 2490 408 2542 milii
427 2489 535 2558 indices,
554 2489 617 2557 quid
636 2490 706 2542 extis
721 2490 882 2560 cognoveris,
902 2507 936 2542 ne
954 2489 1040 2560 possis

158 2624 237 2670 “Are
251 2639 287 2670 we
304 2623 344 2670 the
360 2621 417 2681 only
426 2636 527 2727 Kersons
542 2621 597 2668 who
613 2635 658 2668 can
674 2621 745 2668 swim
762 2635 843 2670 across
860 2621 953 2670 riversl
986 2621 1039 2670 Gan

130 2681 169 2729 the
182 2681 310 2741 Scythicus
322 2690 362 2728 not
374 2679 404 2728 do
415 2685 456 2727 te
468 2695 536 2747 same¹
542 2680 561 2727 l'

157 2745 166 2770 ²
180 2741 220 2797 Ut,
232 2757 258 2788 as
268 2757 281 2788 a
290 2739 388 2800 particle
395 2739 423 2787 of
430 2753 577 2795 concession,
591 2738 790 2800 ‘grantingthat'
809 2738 855 2788 See
869 2738 949 2788 Grom.
959 2739 973 2792 l
984 2743 1037 2797 352,

130 2803 321 2928 noyesskuivqlem
333 2841 453 2918 tofrocto.

157 2916 306 2984 ⁴Eroudire‚
322 2923 360 2965 ‘to
371 2917 428 2964 henr
439 2931 467 2964 so
478 2931 504 2964 ris
515 2924 541 2986 to
550 2914 714 2964 understand!

159 2973 199 3022 ¹1t
210 2976 287 3036 might
298 2975 350 3023 also
360 2976 421 3023 have
432 2977 495 3023 been
505 2977 592 3022 dwens.

157 3040 166 3065 ⁸
177 3033 242 3102 Thet
253 3035 282 3090 is,
299 3036 384 3096 ‘being
394 3033 524 3094 presented
536 3035 567 3094 by
578 3033 619 3081 the
631 3033 689 3094 king
699 3033 760 3082 froin
771 3035 952 3106 scyingmore!

133 3152 138 3162 Ι
159 3091 237 3140 'This
248 3103 386 3154 statement,
394 3094 450 3162 ιῑξιεῐ
459 3093 599 3142 Alexander
606 3108 656 3140 was
667 3093 821 3156 ashamedof
827 3097 882 3144 bein
910 3095 986 3144 under
996 3095 1038 3144 the

131 3151 246 3201 influence
258 3151 285 3199 of
297 3162 460 3222 superstition,
474 3161 497 3200 at
514 3151 622 3220 leastlol
634 3167 648 3200 a
663 3153 818 3212 superstition
829 3155 891 3202 whic
919 3153 1039 3222 belonged

130 3211 239 3320 presidi!
250 3211 786 3320 todAsssialbsngthffialereffi?&sttlalerelmearliable
801 3229 856 3272 one,
869 3215 981 3274 showing
996 3213 1038 3262 the

130 3286 165 3362 Ἦ·
177 3286 328 3398 ῗΙεὲιΥῐῗιειςξέ
343 3286 461 3398 (corripere
473 3286 573 3436 6}er
584 3285 705 3412 lohnog’te'
711 3335 734 3386 4)
747 3331 813 3380 ‘that
824 3331 855 3380 he
867 3347 923 3382 uses
934 3331 972 3380 his
983 3345 1040 3380 own

130 3388 470 3568 Ξῖἑῗῗὲἓῖέὲἓᾞιτιῗὲῗὲᾨζ
477 3399 536 3496 ihdn
544 3389 773 3508 isiddtsrsiliie’ssthat
781 3449 811 3508 is,
824 3447 896 3498 'than
904 3465 953 3510 you
960 3448 1039 3512 might
