2438 3886
531 261 623 302 trusa
643 263 686 304 rm
1020 248 1059 302 23

150 367 286 422 manantis
300 368 406 424 alveum
425 369 555 424 turbent:¹
574 371 663 438 itaque
682 371 853 440 incorruptus,
866 369 993 441 idemque
1012 370 1056 423 iri·

150 434 311 508 gidissirous,
333 438 536 518 quippemulta
561 439 673 508 riparum
698 441 858 492 amoenitate
882 439 1055 509 inumbratos,

51 515 53 522 ’
151 505 249 576 ubique
268 507 384 562 lontibus
403 525 457 559 suis
474 506 569 559 similis
592 509 618 560 in
643 525 715 560 mare
734 509 831 562 evadit.
875 508 962 561 Multa
980 510 1006 560 in
1025 525 1057 562 ea

152 573 258 645 regione
277 584 454 643 monumenta,
474 575 581 647 vulgata
599 577 766 646 carminibus,
785 586 904 630 vetustas
923 577 1055 630 exederat.

150 644 365 698 Monstrabantur
378 645 481 698 urbium
495 643 579 714 sedes,
594 646 718 715 Lyrnessi
736 656 763 699 et
779 645 908 714 Thebes,²
920 647 1057 716 Typhonis

151 730 255 784 quoque
276 731 379 783 specus,
401 724 427 766 et
448 713 588 782 Corycium
611 731 714 784 nemus,
738 715 783 768 ubi
805 731 911 769 crocum
933 716 1054 785 gignitur,

151 793 301 852 ceteraque,
316 785 341 836 in
354 782 450 852 quibus
462 782 526 834 nihil
538 793 641 850 praeter
653 783 753 836 lamam
765 783 913 837 duraverat.

189 859 227 906 ll.
248 852 397 905 Alexander
410 853 500 903 lauces
510 851 574 921 jugi,
584 869 653 922 quae
666 853 748 922 Pylae
760 852 932 922 appellantur,
943 854 1055 906 intravit.

150 920 349 990 Contemplatus
367 922 481 973 locorum
499 922 588 991 situm,
606 939 657 974 non
674 922 740 974 alias
759 922 854 990 magis³
865 921 961 975 dicitur
971 923 1055 975 adrni-

151 999 224 1042 ratus
241 1007 301 1042 esse
319 989 470 1045 felicitatem
484 1006 574 1042 suam:
593 991 666 1044 obrui
682 991 798 1059 potuisse
811 991 855 1044 vel
867 991 937 1044 saxis
948 992 1055 1044 confite·

150 1058 233 1127 batur,
257 1059 279 1110 si
299 1059 418 1127 luissent,
440 1058 485 1128 qui
506 1060 532 1110 in
553 1060 697 1113 subeuntes
715 1059 899 1130 propellerent.
942 1061 994 1113 Iter
1011 1061 1055 1114 vix

149 1129 300 1196 quaternos⁴
311 1128 433 1196 capiebat
444 1137 572 1180 armatos:
592 1130 698 1181 dorsum
710 1129 807 1182 montis
819 1128 975 1182 imminebat
985 1129 1053 1197 viae,

148 1212 199 1248 non
212 1205 339 1265 augustae
352 1197 438 1266 modo,
451 1197 498 1250 sed
516 1197 672 1266 plerumque
690 1206 855 1268 praeruptae,
868 1198 968 1252 crebris
980 1199 1054 1252 uber·

150 1265 269 1318 rantibus
281 1267 362 1335 πίνίε,ὅ
373 1267 417 1335 qui
437 1283 471 1318 ex
489 1265 623 1319 radicibus
638 1269 769 1320 montium
785 1267 903 1320 manant.
938 1266 1054 1320 Thracas

149 1343 238 1386 tamen
257 1334 348 1387 leviter
359 1343 474 1388 armatos
486 1335 645 1404 praecedere
655 1336 775 1406 jusserat,
789 1337 952 1405 scrutarique
963 1336 1052 1402 calles,

148 1419 182 1455 ne
202 1403 322 1456 occultus
342 1404 423 1456 hostis
444 1406 469 1456 in
490 1403 635 1456 subeuntes
657 1413 815 1474 erumperet.
858 1405 1053 1474 Sagittariorum

147 1488 253 1541 quoque
265 1489 361 1526 manus
372 1484 547 1541 occupaverat
558 1473 652 1542 jugum
661 1474 679 1526 :⁶
696 1474 810 1527 intentos
821 1489 899 1528 arcus
910 1474 1051 1541 habebant,

147 1542 247 1609 moniti,
262 1557 314 1594 non
331 1542 378 1593 iter
390 1542 460 1610 ipsos
473 1542 546 1610 inire,
560 1543 607 1594 sed
625 1543 762 1612 proelium.
799 1543 855 1595 Hoc
867 1544 944 1596 modo
956 1560 1051 1610 agmen

147 1611 266 1730 genueruit
278 1610 311 1662 ad
324 1610 416 1664 urbem
434 1611 552 1680 Tarson,⁷
564 1611 607 1663 cui
621 1621 677 1664 tum
689 1612 805 1666 maxime
820 1613 917 1664 Persae
930 1611 1052 1681 subjicie-

164 1689 209 1732 ant
222 1679 320 1747 ignem,
333 1695 367 1732 ne
379 1679 534 1748 opulentum
542 1680 670 1749 oppidum
682 1680 763 1734 bostis
774 1681 919 1734 invaderet.
950 1683 986 1734 At
998 1681 1051 1751 ille,

146 1747 320 1803 Parmenione
338 1748 373 1800 ad
391 1748 565 1802 inhibendum
584 1749 735 1802 incendium
753 1765 816 1806 curn
835 1749 958 1820 expedita
971 1767 1052 1804 manu

146 1817 299 1886 praemisso,
349 1827 453 1885 stquam
472 1816 597 1870 barbaros
613 1817 730 1872 adventu
747 1835 855 1872 suorum
873 1818 976 1886 legatos
993 1835 1052 1872 esse

145 1885 274 1954 cognovit,
289 1902 319 1937 ur
338 1903 382 1938 em
394 1903 411 1937 a
423 1902 452 1938 se
464 1895 647 1939 conservatam
660 1888 746 1938 intrat.

183 1958 224 2006 12.
242 1953 365 2006 Medium
383 1953 491 2023 Cydnus
508 1955 602 2022 amnia,
615 1955 649 2007 de
661 1971 712 2023 quc
722 1954 801 2024 paulo
812 1963 875 2008 ante
888 1955 989 2010 dictum
1002 1967 1050 2024 est,

145 2022 278 2090 interfluit,
298 2031 325 2076 et
343 2031 406 2076 tunc
423 2032 511 2074 aestas
531 2032 594 2091 erat,
614 2023 690 2092 cujus
707 2023 777 2076 calor
794 2039 847 2076 non
866 2023 946 2077 aliam
966 2025 1053 2092 magis

145 2107 228 2159 quam
245 2090 355 2144 Ciliciae
370 2107 442 2144 oram
459 2107 554 2160 vapore
573 2091 634 2144 solis
651 2093 780 2162 accendit,
793 2099 820 2145 et
836 2092 890 2146 diei
908 2093 1049 2146 fervidissi-

144 2175 221 2214 mum
232 2168 339 2228 tempus
350 2161 510 2240 erroeperat.8
538 2161 651 2214 Pulvere
663 2161 741 2214 simul
753 2178 786 2216 ac
798 2162 892 2216 sudore
905 2162 1054 2232 perfusum⁹

146 2245 238 2350 reffem
260 2229 381 2283 invitavit
403 2229 488 2298 liquor
508 2229 631 2298 fluminis,
654 2241 682 2284 ut
705 2230 933 2308 calidum0adbuc
956 2249 1050 2300 corpus

46 2319 53 2325 ·
144 2297 179 2352 ab
190 2307 273 2351 ueret.
317 2299 410 2368 Itaque
427 2307 501 2351 veste
519 2299 639 2368 deposita
656 2301 682 2352 in
700 2310 843 2370 conspectu
862 2301 975 2370 agminis
993 2301 1050 2372 (de-

144 2383 234 2421 corum
252 2383 357 2438 quoque
370 2369 484 2420 futurum
499 2379 577 2437 ratus,
591 2370 613 2421 si
625 2368 783 2422 ostendisset
795 2369 857 2437 suis,
871 2370 923 2423 levi
936 2379 963 2422 et
975 2387 1049 2440 para·

143 2435 190 2516 bili
201 2437 274 2490 cultu
286 2437 421 2517 corporie¹⁰
433 2454 462 2516 se
475 2454 534 2490 esse
551 2438 722 2518 contentum),
736 2438 874 2493 descendit
893 2441 920 2492 in
938 2439 1048 2492 flumen.

143 2506 247 2575 Vixque
266 2506 479 2576 ingressi-subito
496 2505 600 2559 horrore
614 2518 686 2560 artus
701 2524 785 2576 rigere
802 2515 954 2578 coeperunt,
967 2507 1050 2578 pallor

172 2613 180 2636 ¹
191 2609 215 2655 A
226 2608 274 2656 fine
285 2608 368 2656 useel
379 2608 420 2655 tire
431 2608 592 2676 subJ'unctive.
625 2608 672 2655 See
685 2609 764 2656 (irem.
772 2608 788 2659 b
797 2611 848 2664 360,
862 2613 883 2658 3.

171 2666 255 2717 'Both
266 2667 347 2727 places
358 2682 398 2715 are
409 2666 547 2714 mentioned
558 2669 590 2726 by
602 2667 693 2714 Homer
708 2667 734 2714 in
747 2667 789 2714 the
805 2667 867 2716 Iliad
882 2683 909 2716 as
924 2668 997 2729 being
1013 2668 1047 2716 in-

143 2724 241 2774 habited
251 2728 285 2786 by
297 2726 426 2781 cilicinum
443 2725 490 2772 and
506 2725 554 2772 this
570 2726 590 2773 is
606 2726 638 2772 all
653 2725 716 2772 their
726 2726 828 2784 poetical
839 2726 964 2786 celebrity.
995 2725 1048 2776 Bri·

142 2784 200 2841 seis,
213 2785 254 2834 the
264 2785 367 2834 beloved
377 2783 405 2832 ol
412 2784 531 2838 Achilles,
543 2799 593 2831 was
604 2785 708 2832 auctiva
719 2783 746 2831 ci
758 2783 902 2844 Lyrnessus.

171 2849 181 2872 ¹
193 2845 283 2892 ‘Atrio
294 2844 363 2892 other
374 2843 431 2892 time
443 2857 509 2890 more
517 2843 533 2899 3’
551 2842 603 2889 that
615 2843 643 2897 is,
657 2842 787 2902 especially
797 2857 829 2890 on
839 2843 891 2892 that
902 2845 1020 2894 occasion.

171 2907 181 2930 ⁸
193 2903 263 2972 “The
272 2903 329 2984 patlr
338 2902 445 2962 scarcely
453 2901 582 2960 permitted
593 2901 646 2948 four
654 2901 735 2950 armed
743 2915 800 2950 men
809 2911 833 2949 to
842 2906 923 2952 march
932 2905 1046 2960 abreast‚'

142 2975 180 3052 or·
192 2977 347 3090 “bigamus
358 3019 458 3068 rivulets
469 3019 576 3079 meeting
586 3019 627 3067 the
638 3018 751 3088 traveller
761 3019 819 3068 here
829 3021 875 3069 and
886 3021 970 3090 tinere)

170 3084 180 3109 ¹
191 3079 256 3127 ‘ruat
268 3095 297 3134 rs,
312 3080 374 3128 ‘had
385 3081 447 3127 been
457 3087 510 3126 sent
521 3087 546 3125 to
557 3078 613 3124 take
625 3091 764 3136 possessron
773 3079 801 3128 ol
811 3081 854 3128 the
865 3080 979 3142 heights.’

172 3138 254 3186 'Also
268 3138 374 3187 Tarsum.
406 3138 452 3186 See
466 3138 546 3184 Gram.
558 3137 571 3188 l
581 3141 618 3192 58,
632 3147 688 3184 note
699 3141 721 3184 6.

170 3202 179 3226 ⁸
192 3197 260 3246 ‘Had
271 3199 350 3304 beffun
359 3199 375 3255 ;’
389 3197 500 3256 literelly,
514 3195 573 3245 ‘had
584 3195 713 3252 received‚’
723 3211 750 3246 or
760 3197 905 3254 ‘followed'
915 3199 957 3246 the
967 3199 1043 3247 oooler

142 3256 390 3376 mpePiristliterrrticyiple
406 3316 426 3363 is
443 3314 574 3374 applicable
590 3313 646 3374 only
658 3323 684 3372 to
699 3315 740 3362 the
756 3315 827 3363 letter
837 3316 1002 3373 substantive;
1020 3326 1040 3364 tr

141 3374 182 3422 tlre
198 3374 287 3422 former
300 3389 336 3422 ure
353 3385 416 3423 must
432 3374 544 3434 supplya
558 3387 624 3422 more
639 3375 736 3434 general
751 3384 822 3432 term,
838 3374 973 3431 ‘covered’
988 3375 1041 3424 ‘be-

140 3433 330 3542 griffiessssnb'se
341 3433 439 3494 Zumpt,
452 3433 526 3484 ill-i.
