2264 3880
458 227 550 270 arara
569 214 606 270 x.'
925 213 998 270 808-
1042 255 1045 262 ,

7 367 8 396 ;
71 340 147 390 fldem
158 339 339 404 eonflrgiebaut,
350 337 446 388 illorum
457 338 607 397 manibussi
619 339 650 388 ad
661 335 808 401 supplicium
820 344 983 402 poscerentur,

7 439 8 466 r
71 407 178 456 salutem
190 421 261 454 suam
273 404 389 460 tutaturi;
406 410 448 452 aut
458 403 570 468 pecunia,
580 409 672 466 quantu
683 409 784 466 poterat,
793 411 885 464 coacta,
896 405 982 468 fugam

7 529 8 532 Ἴ
70 472 175 521 inibant
209 470 247 522 Ea
263 487 290 520 re
306 470 407 534 cognita
421 471 517 518 litterae
530 469 561 519 ad
572 485 658 518 omnes
669 470 745 520 Asiae
757 475 880 531 praetores
891 471 983 520 missae

70 543 138 596 suut,
148 537 237 600 quibus
248 535 363 598 inspectis
374 552 388 583 e
399 535 503 600 vestigio
519 551 604 585 omnes
621 535 763 599 peregrinos
780 535 878 594 milites,
889 536 929 602 qui
941 537 982 586 sti·

70 604 163 666 pendia
181 603 226 651 sub
244 602 304 663 ipsis
321 601 437 660 facerent,
455 601 576 650 dimittere
592 601 749 666 jubebantur.
782 599 843 655 Erat
859 601 923 650 inter
940 619 982 651 ecs

71 667 202 730 Harpalus,
213 683 285 730 quern
296 667 443 724 Alexander,
454 667 516 730 quod
528 667 559 714 ob
570 666 648 730 ipsius
662 665 799 714 amicitiam
816 666 875 714 olim
893 683 908 714 a
924 667 982 717 Phi·

69 733 137 796 lippo
159 735 251 798 ejectus
274 733 352 780 solum
371 728 575 791 vertisset‘inter
598 730 729 780 fidissimos
751 729 865 789 habebat,
884 737 910 780 et
929 739 981 794 post

71 797 169 846 Mazaei
189 805 290 846 mortem
311 799 419 860 satrapis
439 797 590 863 Babyloniae
609 797 747 855 donaverat,
766 796 981 860 thesaurorumque

70 864 198 914 custodies
210 863 366 926 praefecerat.
401 863 426 911 Is
443 863 519 928 igitur
537 879 594 910 cum
611 861 735 920 fiduciam,
746 877 818 924 quam
837 861 864 910 in
880 878 981 924 propen-

8 931 9 950 ³
70 928 169 978 sissimo
181 929 247 994 regis
260 928 339 1004 grstia
350 930 440 978 habere
453 934 553 991 poterat,
567 927 739 992 magnitudine
756 925 907 992 flagitiorum
925 943 981 976 eon-

7 1021 10 1036 ι
69 995 223 1056 sumpsisset,
229 1011 334 1057 quinque
342 995 460 1043 talentum
469 994 539 1042 milia
547 1009 578 1042 ex
585 1010 647 1058 gara
655 995 726 1058 regie
735 992 807 1055 rapit,
814 993 980 1055 conductaque

7 1073 10 1106 r
69 1075 113 1106 sex
124 1059 220 1108 milium
232 1061 440 1108 mercenariorum
452 1075 535 1118 manu,
544 1059 570 1107 in
579 1059 703 1121 Europam
712 1059 800 1108 evadit.
828 1057 980 1121 Jampridem

67 1205 153 1254 regem
171 1192 250 1250 venia,
268 1193 383 1240 adversus
399 1191 469 1239 'irem
492 1191 568 1252 ipsius
588 1191 615 1240 iu
635 1189 723 1239 clienis
740 1190 825 1254 opibus
843 1189 980 1238 subsidium

8 1283 11 1314 r
68 1255 257 1318 circumspicere
275 1263 403 1319 coeperat;
419 1263 444 1304 et
457 1256 627 1315 Athenienses,
638 1271 740 1319 quorum
757 1271 806 1304 non
824 1261 980 1304 contemnen-

68 1323 127 1369 dam
145 1323 286 1384 potentiam,
297 1328 323 1370 et
339 1323 403 1384 apud
421 1329 514 1370 ceteros
525 1321 633 1370 Graecos
644 1321 825 1381 auctoritatem,
836 1327 889 1371 tum
900 1321 980 1374 occul·

7 1393 8 1404 ¹
68 1395 122 1435 tum
135 1387 162 1435 in
172 1387 322 1436 Macedonas
333 1389 417 1436 odium
428 1393 505 1448 norat,
514 1388 597 1438 sedulo
609 1387 723 1437 coluerat
752 1387 837 1450 Itaque
848 1403 917 1450 spem
928 1388 979 1438 suis

7 1499 8 1510 ,
68 1453 183 1512 faciebat,
195 1453 359 1502 Athenienses
371 1445 482 1502 'adventu
498 1468 542 1502 suc
559 1453 664 1518 cognito,
678 1454 802 1516 copiisque
819 1460 844 1502 et
860 1453 980 1516 pecuniis,

67 1533 129 1581 quas
140 1520 281 1578 adduceret,
292 1535 374 1568 coram
386 1519 511 1582 inspectis,
523 1519 633 1580 protinus
650 1535 720 1568 arma
736 1519 886 1582 consiliaque
901 1519 979 1568 socia·

67 1591 136 1634 turca
147 1599 208 1635 esse.
243 1584 308 1634 Nam
321 1582 384 1648 apud
396 1585 512 1648 populum
523 1584 665 1646 imperitum
677 1591 702 1633 et
713 1585 836 1642 mobilem,
847 1600 890 1647 per
902 1584 978 1634 homi·

66 1649 783 1713 nesimprobosetavaritiavenales,omuiasemuneribus
792 1656 977 1698 consecuturum

67 1715 261 1779 existimabctl.
327 1740 329 1745 .

8 1845 11 1855 “
101 1855 127 1904 7.
146 1850 230 1918 Igitur
241 1849 347 1918 triginta
357 1849 470 1902 navibus
487 1849 598 1904 Sunium
616 1849 805 1903 transmittunt¹
818 1849 978 1918 (promonto-

68 1919 137 1972 rium
151 1928 192 1971 est
204 1920 310 1972 Atticae
322 1918 427 1989 terrae),
443 1918 513 1971 unde
531 1929 635 1988 portum
652 1917 725 1972 urbis
743 1927 834 1988 petere
852 1916 982 1982 demere,

8 1992 10 2016 ⁵
67 1997 135 2046 rant.
177 1988 227 2041 His
250 1987 370 2058 coguitis,
395 2003 442 2040 rex
470 1989 584 2058 Harpalo
612 1987 875 2056 Atheniensibusque
902 1986 979 2055 juxta

67 2057 181 2112 infestus
203 2058 318 2112 classem
340 2056 427 2128 parari
449 2057 532 2137 jubet,
556 2059 677 2112 Athenas
697 2057 817 2128 protinus
839 2055 978 2125 petiturus.

7 2169 9 2174 .
67 2127 143 2188 Quod
162 2127 303 2181 consilium
320 2144 382 2180 curu
399 2126 471 2190 clam
487 2135 577 2198 agitat,
589 2127 694 2182 litterae
709 2127 735 2181 ei
749 2125 900 2195 redduntur,
913 2127 978 2180 Her·

68 2197 160 2268 palum
184 2197 295 2250 intrasse
318 2197 427 2266 quidem
447 2197 577 2267 Athenas,
636 2197 725 2250 cunia²
748 2195 903 2249 conciliasse
927 2195 978 2250 sibi

7 2263 9 2292 r
68 2266 217 2338 principum
228 2268 348 2324 animos:
367 2283 437 2337 mox,
450 2261 562 2320 concilio
580 2266 668 2337 pebis
685 2265 783 2334 habito,
796 2264 900 2334 jussum
911 2264 977 2318 urbe

7 2343 8 2350 ’
68 2336 200 2390 excedere
219 2337 254 2395 ed
270 2338 390 2394 Graecos
409 2337 508 2390 milites
527 2337 688 2406 pervenisse,
707 2335 805 2408 quibus
823 2334 851 2386 in
872 2335 977 2390 Cretam

68 2405 191 2476 trajectis,
212 2407 368 2476 aquodam
391 2406 553 2460 Thimbrone
575 2407 763 2477 interemptum
787 2421 834 2475 per
857 2404 975 2458 insidias.

68 2477 116 2529 His
139 2477 226 2529 laetus
250 2479 277 2530 in
303 2477 437 2546 Europam
461 2475 609 2546 trajiciendi
633 2476 774 2529 consilium
795 2473 901 2530 omisit:
928 2473 975 2528 sed

68 2546 167 2614 exules,
182 2555 354 2626 praeterens,
371 2546 418 2614 qui
436 2545 508 2599 civili
525 2545 654 2613 sanguine
672 2544 773 2615 aspersi
791 2543 885 2611 erant,³
897 2543 976 2612 recipi

68 2616 102 2668 eb
119 2615 243 2668 omnibus
261 2615 424 2670 Graecorum
441 2614 600 2684 civitatibus,
618 2614 679 2683 quis
695 2613 765 2684 pulsi
782 2613 876 2680 erant,⁴
888 2611 975 2680 jussit.

70 2685 102 2737 Et
119 2685 222 2755 Graeci,
235 2683 308 2738 haud
320 2684 378 2738 ausi
391 2683 532 2754 imperium
544 2683 685 2754 aspernari,
698 2698 862 2752 quamquam
874 2682 977 2736 solven-

69 2752 161 2811 darum
180 2755 271 2828 legum
294 2754 321 2808 id
344 2751 504 2824 principium
527 2769 586 2806 esse
610 2751 755 2806 censebant
774 2749 843 2806 boue
862 2766 975 2820 quoque,

117 2913 171 2962 The
181 2915 276 2974 subject
287 2914 309 2962 is
322 2912 466 2972 ‘Harpalum
480 2911 526 2980 and
537 2927 551 2959 a
561 2912 663 2960 number
673 2910 701 2960 os
709 2909 792 2959 Greek
803 2910 971 2968 mercenarios,

72 2971 149 3020 whom
160 2972 189 3020 he
200 2973 247 3021 had
257 2973 333 3022 taken
343 2973 394 3021 into
404 2972 442 3020 his
453 2972 562 3020 service!
596 2970 642 3018 See
654 2971 695 3019 the
706 2980 826 3026 contente,
839 2970 899 3030 chap
910 2973 932 3018 6.

97 3032 141 3078 ¹A
151 3033 295 3092 connecting
305 3032 468 3093 conjunctim,
481 3039 501 3079 et
513 3046 540 3078 or
549 3049 584 3084 ac,
597 3045 678 3078 seems
689 3040 714 3078 to
725 3031 754 3078 be
766 3029 884 3090 required.

98 3095 106 3119 ³
118 3090 199 3138 ‘Who
214 3091 262 3138 had
276 3091 418 3140 committed
435 3090 548 3140 murder!
580 3087 628 3138 We
639 3088 726 3138 should
736 3089 847 3150 properly
858 3089 919 3137 have
930 3089 972 3137 tho

70 3149 220 3212 subjunctive
236 3149 302 3206 here,
315 3150 351 3198 for
361 3151 379 3198 it
390 3159 456 3198 must
467 3149 528 3214 have
539 3151 602 3198 been
612 3165 626 3198 a
636 3159 688 3208 part
699 3148 727 3198 os
734 3148 897 3198 Alexander's
908 3162 971 3196 mes·

69 3225 139 3272 sage3
157 3209 202 3264 but,
210 3224 252 3256 see
264 3207 362 3267 Zumpt,
375 3210 448 3261 ibt&
900 3242 901 3251 ,

95 3277 105 3298 ⁴
116 3269 204 3318 ‘From
215 3266 298 3316 which
307 3268 366 3327 they
377 3267 425 3315 bad
435 3269 497 3316 been
507 3265 619 3326 expelled
626 3267 642 3314 ι’
660 3265 701 3316 the
718 3267 804 3328 simple
820 3266 925 3316 ablativo
936 3264 973 3314 scr

68 3349 94 3380 ec
107 3331 197 3392 padue.
230 3327 279 3375 We
295 3327 372 3388 might
389 3325 446 3374 take
461 3328 515 3386 quie
531 3336 556 3374 to
572 3327 602 3374 be
618 3325 659 3374 the
675 3326 763 3384 dative,
780 3325 893 3387 standing
908 3324 972 3389 scre

68 3393 155 3452 quibus.
187 3386 236 3436 But
247 3386 297 3435 this
308 3385 328 3434 is
339 3400 472 3434 morerere.
500 3384 548 3433 We
559 3399 605 3434 cau
614 3401 658 3447 say
666 3385 868 3450 eitherecpotrr'c
875 3386 970 3448 pellere,

69 3449 281 3514 crpctncpellers.
312 3445 359 3496 See
373 3443 540 3496 matesc.
