2314 3886
121 249 176 305 tta
381 263 420 303 aa
444 263 550 304 casrrs
572 263 756 306 russanum.

78 375 86 383 '
119 373 230 451 exuitur,
245 369 424 441 decspatrios,
437 372 557 440 gentium
575 371 633 442 jura
650 374 829 444 nequicquam
847 373 918 444 apud
937 370 1037 426 surdas

119 459 197 495 aures
221 441 367 494 invocabat.
412 441 462 494 Per
483 441 590 494 ultimos
610 440 708 495 deiude
729 444 868 513 antelatus,
889 452 981 512 utpote
1002 450 1035 494 et

119 512 267 580 damnatus,
278 521 304 562 et
317 510 430 564 inimicis
442 512 469 564 in
481 512 594 578 gratiam
608 511 677 579 regis
689 513 879 582 torquentibus,
889 513 1033 566 laceratur.

119 581 160 634 Ao
178 580 261 650 primo
279 597 442 650 quamquam
461 580 522 632 hinc
541 581 616 648 ignis,
636 581 707 634 illinc
720 583 838 652 verbera,
850 581 906 652 jam
924 597 977 634 non
995 580 1041 646 ad·

119 650 310 719 quaestionem,
325 649 371 701 sed
384 649 418 702 ad
431 667 544 719 poenam
563 649 757 720 ingerebantur,
771 669 822 704 non
835 669 929 704 vocem
941 649 1033 719 ruodo,

120 718 262 772 sedetiam
277 721 395 788 gemitus
414 719 507 772 habuit
526 719 552 770 in
573 729 719 790 potestate,
737 720 784 774 sed
804 730 861 791 post
881 739 942 774 uam
962 720 1033 772 intu-

119 805 244 842 mescens
267 806 361 858 corpus
385 788 519 840 ulceribus
542 788 706 856 flagellorum
732 791 799 844 ictus
822 739 902 844 nudis
925 789 1035 842 ossibus

121 858 239 912 incussos
259 859 326 910 ferre
346 875 397 910 non
421 867 530 927 poterat,
552 858 574 908 si
598 860 736 912 tormentis
756 859 899 913 adhibituri
919 859 1034 913 modum
1088 875 1090 878 ·

120 938 217 998 essent,
234 927 367 981 dicturum
386 943 423 996 se,
439 943 508 996 quae
528 927 594 980 scire
614 939 768 996 expeterent
797 929 941 998 pollicetur.
978 927 1033 981 Sed

120 997 202 1050 finem
226 996 374 1067 quaestioni
397 996 460 1065 fore,
483 995 570 1066 jurare
595 1013 641 1050 eos
670 1015 717 1067 per
740 969 885 1052 Afexandri
915 997 1034 1050 salutem

120 1067 232 1135 volebat,
246 1065 430 1134 removerique
444 1075 559 1118 tortores.
587 1066 621 1120 Et
634 1075 743 1137 utroque
756 1067 904 1137 impetrato,
915 1069 1032 1130 cratere,

120 1137 212 1206 inquit,
231 1135 275 1189 dic
293 1135 357 1205 quid
377 1151 421 1188 me
441 1135 506 1188 velis
524 1137 622 1188 dicere.
659 1137 706 1189 lllo
727 1136 880 1206 indignante
900 1136 1035 1190 ludificari

121 1223 192 1275 eum,
217 1221 358 1274 rursusque
382 1214 522 1258 revocante
547 1214 664 1276 tortores,
686 1215 793 1276 tempus
835 1220 908 1260 erere
932 1206 1029 1276 coepit,

120 1275 185 1328 dum
199 1275 327 1344 reciperet
345 1274 475 1343 spiritum,
489 1283 584 1327 cuncta
595 1293 666 1346 quae
684 1276 762 1328 sciret
781 1276 806 1328 in
828 1277 952 1329 icaturus.
989 1275 1033 1327 ln·

121 1343 197 1397 terim
210 1345 320 1412 equites,
334 1344 512 1396 nobilissimus
524 1345 644 1415 quisque,
658 1355 684 1398 et
697 1345 715 1397 ii
727 1346 852 1415 manime,
865 1346 911 1414 qui
924 1347 1033 1398 Parme·

121 1414 227 1466 uionem
245 1413 390 1482 propinqua
407 1414 563 1482 cognatione
582 1413 776 1484 contingebant,
790 1427 930 1485 postquam
943 1413 1031 1467 Philo·

121 1495 176 1534 tam
189 1483 303 1552 torqueri
316 1482 389 1536 fama
400 1483 562 1552 vulgaverat,
577 1483 665 1552 legem
683 1483 864 1538 Macedonum
877 1484 962 1551 veriti,
975 1499 1033 1552 qua

121 1559 230 1604 cautum
249 1560 312 1621 erat,
332 1559 360 1605 ut
379 1551 517 1622 propinqui
535 1570 635 1620 eorum,
654 1555 700 1622 qui
720 1555 774 1622 regi
795 1554 913 1607 insidiati
932 1560 1031 1622 essent,

121 1637 183 1674 oum
195 1621 259 1690 ipsis
270 1631 434 1692 necarentur,
446 1622 490 1674 alii
503 1639 532 1674 se
546 1623 712 1692 interficiunt,
724 1622 770 1676 alii
783 1623 809 1676 in
822 1623 914 1676 devios
926 1630 1032 1676 montes

120 1699 264 1758 vastasque
284 1691 437 1744 solitudines
449 1691 560 1762 fugiunt,
574 1692 673 1761 ingenti
691 1709 738 1762 per
756 1701 809 1746 tota
828 1703 915 1746 castra
934 1702 1032 1745 terrore

121 1758 234 1829 diffuso;
261 1759 346 1814 donec
370 1777 424 1830 rex,
451 1761 566 1814 tumultu
593 1763 704 1831 cognito,
729 1760 818 1831 legem
841 1763 875 1816 de
901 1759 1031 1832 supplicio

120 1829 318 1900 conjunctorum
331 1830 479 1884 insontibus
491 1831 624 1886 remittere
636 1831 728 1884 edixit.

155 1905 196 1952 ta.
216 1898 334 1953 Philotas
351 1917 449 1954 verone
471 1917 505 1954 an
529 1901 669 1954 mendacio
692 1901 804 1954 liberare
825 1918 854 1954 se
876 1919 893 1953 a
912 1900 1031 1954 cruciatu

120 1967 239 2040 voluerit,
253 1986 353 2040 anceps
370 1970 520 2040 conjectura
537 1983 585 2040 est,
599 1971 723 2040 quoniam
736 1979 763 2024 et
775 1988 838 2024 vera
855 1969 985 2024 confessis
1002 1977 1031 2023 et

120 2037 187 2091 falsa
198 2039 348 2093 dicentibus
360 2039 431 2092 idem
444 2039 607 2093 dolorisfinis
615 2039 761 2093 ostenditur
770 2042 787 2092 :¹
801 2048 929 2108 ceterum,
942 2039 1030 2109 Pater,

121 2107 212 2176 inquit,
226 2125 303 2160 meus
321 2107 475 2176 Hegelocho
486 2126 568 2177 quam
580 2109 743 2162 familiariter
757 2127 821 2164 usus
838 2110 880 2177 sit,
895 2125 944 2162 non
958 2109 1031 2178 igno·

120 2179 197 2229 ratis:
218 2177 291 2229 illum
310 2177 368 2229 dico
386 2177 578 2246 Hegelochum,
592 2179 676 2247 quiin
694 2179 751 2231 acie
770 2179 893 2232 cecidit:2
910 2179 1031 2232 omnium

119 2246 248 2298 malorum
270 2245 346 2298 nobis
359 2245 408 2298 fuit
419 2263 508 2300 causa.
543 2248 695 2300 Nemeum
716 2249 833 2317 primum
851 2249 925 2302 Jovis
943 2247 1029 2300 filium

120 2331 149 2366 se
173 2313 280 2366 salutari
302 2313 390 2383 jussit⁸
414 2331 467 2384 rex,
489 2314 515 2368 id
540 2315 647 2384 indigne
669 2316 758 2372 ferens
781 2319 834 2387 ille,
856 2317 927 2370 hunc
949 2317 1031 2386 igitur

119 2401 207 2452 regem
232 2384 409 2506 agnoscimup,
434 2383 527 2454 inquit,
548 2387 594 2454 qui
618 2385 769 2456 Philippum
793 2387 961 2455 dedignatur*
981 2403 1028 2454 pa·

121 2453 206 2506 tremi
224 2463 315 2506 actum
333 2462 373 2505 est
411 2453 529 2524 euobis,
550 2456 570 2508 si
590 2455 640 2507 ista
659 2458 762 2525 perpeti
782 2475 931 2527 possumus.
967 2457 1028 2510 Nou

119 2521 241 2576 homines
262 2523 355 2591 solum,
370 2522 417 2576 sed
437 2523 518 2576 etiam
539 2525 605 2576 deos
623 2525 743 2596 despicit,
763 2528 808 2595 qui
828 2526 941 2596 postulat
959 2525 1029 2578 deus

118 2593 212 2646 oredi⁵
246 2593 395 2646 Amisimus
407 2592 597 2664 Alexandrum,
610 2596 751 2650 amisimus
763 2613 869 2666 regern,
886 2595 1030 2648 incidimus

118 2663 143 2714 in
162 2662 321 2732 superbiam,
336 2680 385 2716 neo
404 2663 462 2732 diis,
476 2660 571 2734 quibus
590 2681 619 2716 se
637 2675 778 2736 exaequat,
797 2683 848 2719 nec
867 2664 1028 2733 hominibus,

117 2733 212 2799 quibus
237 2749 266 2784 se
290 2733 392 2802 eximit,
418 2733 592 2787 tolerabilem.
636 2736 767 2787 Nostrone
791 2736 920 2803 sanguine
944 2734 1026 2788 deum

117 2799 239 2870 fecimus,
261 2804 305 2870 qui
329 2819 377 2855 nos
400 2801 538 2856 fastidisti
563 2805 609 2872 qui
631 2812 755 2872 gravetur
776 2804 927 2858 mortalium
952 2803 1028 2858 adire

116 2869 279 2923 conciliumf
322 2871 428 2924 Credite
458 2871 534 2942 mihi,
558 2883 585 2926 et
609 2891 664 2939 nos,
688 2873 711 2925 si
735 2872 782 2926 viri
813 2891 912 2942 sumus,
936 2891 953 2926 a
976 2873 1030 2926 diis

145 3044 152 3067 ¹
164 3037 226 3086 This
238 3039 258 3086 is
270 3053 352 3098 every
364 3039 467 3100 striking
478 3040 582 3096 remark,
597 3040 642 3088 and
654 3039 743 3148 olearlp
755 3041 837 3090 shows
849 3042 890 3090 the
901 3041 1029 3102 absurdity

115 3097 143 3146 of
150 3098 190 3145 the
203 3113 245 3166 use
257 3097 285 3146 of
292 3107 382 3146 tortore
394 3114 420 3145 us
431 3114 445 3146 u
456 3114 539 3146 means
551 3099 578 3146 of
583 3099 691 3160 eliciting
702 3101 724 3148 in

115 3174 129 3206 a
139 3156 283 3206 confession.

131 3223 153 3287 '²
163 3214 285 3275 Probably
297 3215 321 3262 in
337 3213 377 3262 the
394 3215 470 3284 battle
486 3216 514 3264 of
527 3217 627 3285 Arbela,
641 3233 668 3266 es
684 3218 839 3268 commender
850 3219 878 3268 of
889 3234 934 3268 one
946 3218 974 3266 of
986 3218 1028 3268 the

114 3273 312 3393 erglqtvtgqqppeqf
320 3274 641 3402 lffrlclriilghifeifllluhbhuse
653 3335 701 3384 this
713 3337 793 3385 action
803 3337 824 3386 is
835 3315 972 3397 complefed
982 3338 1027 3386 be-

113 3391 163 3442 fore
175 3393 216 3440 the
227 3403 285 3440 next
296 3393 326 3440 be
345 3407 397 3448 mst
415 3393 458 3440 but
467 3408 508 3440 see
522 3393 601 3440 Grom.
613 3395 626 3444 b
638 3398 689 3444 334.

142 3458 151 3481 ⁴
163 3451 303 3500 ‘Considera
354 3450 395 3509 ilip
407 3451 535 3510 unworthy
546 3462 572 3499 to
583 3455 612 3500 be
624 3453 661 3501 bis
673 3453 768 3504 father.’

143 3511 197 3557 *Aa
209 3519 233 3557 to
244 3511 292 3558 this
303 3509 506 3559 constructiones
515 3515 644 3572 postulare,
657 3527 698 3562 see
710 3513 808 3574 Zumpt,
821 3513 835 3566 i
846 3517 898 3572 613,
911 3523 975 3564 note.

736 3101 854 3155 ormaticn
866 3116 892 3149 or
903 3101 1030 3162 obtaining
