2264 3880
183 269 241 324 2⁸2
446 283 485 323 oa
508 281 615 324 aasrrs
637 285 820 324 snnxsrrnsr.

183 392 310 464 perferret
326 391 360 444 ad
377 409 448 461 eum,
466 391 599 462 Credisne,
617 392 708 460 inquit,
724 391 841 444 adventu
860 393 957 462 magis
976 392 1083 456 hostiurn,

184 471 211 514 ut
222 461 278 532 jam
290 461 316 514 in
328 461 396 514 vallo
414 462 594 529 consisterent,
608 461 732 514 sollicitos
748 477 815 534 esse,
829 478 916 532 qoam
931 479 1000 514 cura
1012 460 1084 514 salotis

184 539 253 598 tuae,
267 537 295 582 ut
313 547 383 583 nunc
401 545 449 599 est,
462 529 509 584 tibi
522 529 611 583 vilieu
646 528 816 588 Quantalibet
829 531 873 582 ris
890 531 1022 584 omnium
1037 547 1083 598 gur

183 599 250 652 tium
268 600 399 668 conspiret
417 600 443 652 in
462 600 650 670 nos‚²impleat
661 601 742 650 armis
754 599 873 668 virisque
886 609 982 652 totum
1000 601 1083 664 orben,

183 667 313 721 classibus
330 669 413 721 maria
431 677 588 738 consternat,
601 667 739 721 inusitatas
751 667 844 720 beluas
856 669 994 722 inducat:
1014 679 1040 721 tn
1051 683 1083 720 oos

182 737 330 807 praestabis
359 737 489 790 invictos.⁸
522 738 573 790 Sed
603 737 661 808 quis
690 737 800 790 deorum
829 736 881 789 hoc
914 737 1083 791 Macedoniae

182 807 304 861 columen
322 823 354 858 ac
372 807 446 860 sidus
463 807 616 860 diuturnum
635 805 692 858 fore
708 805 825 874 polliceri
843 815 950 876 potest,
962 825 1030 860 cum
1045 817 1083 857 tan

182 876 261 930 avide
279 875 428 930 manifestis
446 876 567 944 periculis
584 875 680 928 offeras
697 891 798 944 corpus,
817 875 921 928 oblitus
941 886 982 947 tot
1001 876 1083 928 cirion

182 947 286 998 animas
303 944 407 998 trahere
425 953 451 998 te
464 947 490 997 in
502 945 626 998 casumi⁴
660 945 727 1002 Quis
744 945 815 997 enirn
833 944 882 998 tibi
897 957 1043 1014 superstes
1052 951 1084 995 au

181 1025 254 1086 optat
277 1029 344 1083 esse,
364 1023 410 1067 aut
432 1015 537 1084 potest?
574 1015 613 1068 Eo
635 1013 813 1084 pervenimus,
834 1015 998 1082 auspicium
1021 1023 1084 1082 atque

183 1083 325 1153 imperium
343 1083 426 1136 secuti
445 1093 528 1154 tuum,
542 1084 613 1136 unde
630 1083 680 1136 nisi
693 1092 719 1134 te
732 1083 839 1134 reduce⁶
851 1081 923 1136 nulli
936 1084 975 1136 ad
989 1093 1084 1154 penates

182 1169 243 1205 suos
255 1153 305 1205 iter
317 1161 366 1204 est.
402 1151 512 1210 Quodsi
528 1151 617 1206 adhuc
634 1151 668 1204 de
688 1151 805 1206 Persidis
823 1168 906 1218 regno
927 1169 998 1206 cum
1016 1153 1084 1206 Dareo

181 1220 332 1289 dimicares,
356 1222 406 1274 etsi
434 1237 513 1274 nemo
536 1221 624 1290 vellet,
649 1229 739 1274 tamen
767 1236 801 1273 ne
829 1219 963 1275 admirari
990 1221 1085 1292 quiden

180 1297 276 1359 posset,
291 1300 345 1342 tam
357 1301 493 1359 promptae
511 1306 571 1343 esse
587 1300 616 1343 -te
634 1289 669 1342 ad
687 1305 767 1342 omns
784 1289 932 1354 discrimen
948 1291 1083 1344 audaciae:

181 1375 242 1410 nam
266 1357 310 1410 ubi
330 1359 403 1427 paria
426 1369 485 1412 suut
508 1360 656 1428 periculum
679 1375 711 1412 ac
733 1355 898 1438 praemium„
915 1369 945 1412 et
971 1358 1085 1414 secundis

182 1426 262 1480 rebus
280 1427 391 1497 amplior
409 1427 509 1481 fructus
526 1437 574 1496 est,
594 1437 621 1480 et
638 1427 759 1482 adversis
777 1427 901 1480 solatium
922 1429 1035 1500 majus:
1053 1439 1084 1480 too

181 1511 242 1549 vero
265 1497 351 1566 capite
375 1496 519 1565 ignobilem
543 1501 631 1550 vicum
656 1497 717 1564 emi,
754 1498 796 1550 uis
815 1495 890 1566 serat,
912 1515 969 1551 non
994 1508 1084 1551 tuorum

179 1565 258 1618 modo
277 1565 401 1635 militum,
422 1566 469 1620 sed
492 1565 571 1618 ullius
589 1566 678 1633 gentis
698 1563 745 1620 bar
764 1581 825 1618 arae
848 1565 928 1634 civis,
951 1567 1004 1636 qui
1026 1577 1084 1620 tuan

179 1634 390 1704 magnitudinem
408 1635 499 1689 noviti
534 1635 628 1688 Horret
645 1635 750 1688 animus
767 1634 930 1702 cogitatione
950 1639 1002 1706 rei,
1017 1651 1084 1705 quaro

179 1705 257 1784 poulo
277 1713 339 1756 ante
362 1705 487 1758 vidimus.
525 1704 620 1772 Eloqui
643 1704 732 1774 timeo,
753 1702 843 1756 invicti
867 1705 994 1773 corporis
1015 1705 1085 1774 spolio

177 1773 352 1828 inertissimas
374 1787 470 1826 manus
492 1772 574 1826 fuisse
597 1772 760 1842 insecturae‚⁷
781 1771 834 1825 nisi
856 1779 883 1824 te
908 1773 1084 1844 interceptum

178 1842 327 1894 misericors
350 1845 377 1896 in
400 1859 448 1896 nos
472 1841 575 1895 fortune
598 1849 737 1894 servasset.
784 1841 908 1895 Totidem
935 1844 1084 1912 proditores,

178 1910 289 1964 totidem
308 1911 456 1965 desertores
476 1928 578 1980 sumus,
595 1920 659 1990 quot
679 1919 706 1962 te
726 1927 777 1966 non
798 1911 936 1980 potuimus
998 1913 1084 1982 rsequi.

177 1979 321 2034 Universos
332 1981 395 2034 licet
407 1981 507 2034 milites
519 1981 660 2049 ignominia
672 1988 755 2049 notes,
768 1995 847 2032 nemo
859 1996 959 2034 recusa
985 1984 1007 2036 it
1026 1983 1085 2035 luere

177 2049 213 2120 id,
233 2049 303 2118 quod
323 2067 357 2102 ne
376 2051 527 2103 admitteret
547 2059 680 2118 praestare
701 2065 750 2102 nou
770 2049 872 2118 potuit.⁸
916 2051 1024 2105 Patere
1043 2068 1085 2114 nos

196 2133 284 2190 uaeso,
293 2119 345 2170 alio
357 2119 435 2173 modo
444 2135 504 2172 esse
513 2118 579 2171 viles
587 2118 643 2171 tibi.
673 2119 838 2188 Quocunque
847 2117 974 2196 jusseris,
987 2121 1085 2174 ibimus

177 2135 294 2242 gliscunt
322 2189 438 2256 pericula
461 2195 488 2240 et
510 2187 640 2256 ignobiles
662 2205 765 2258 pugnas
793 2187 869 2240 nobis
897 2187 1085 2258 deposcimus:

177 2255 348 2375 temetipsum
366 2256 400 2308 ad
418 2273 451 2309 ea
468 2273 551 2326 serva,
565 2273 633 2326 quae
649 2257 860 2326 magnitudinem
872 2264 951 2310 tuam
963 2258 1087 2338 capiunt?

177 2321 234 2375 Cito
251 2323 334 2392 gotia
351 2325 491 2378 obsolescit
509 2326 536 2378 in
554 2326 665 2380 sordidis
683 2326 809 2395 hostibus,
821 2343 873 2380 nec
889 2327 1050 2398 quicquam
1060 2345 1087 2380 u·

176 2391 282 2460 dignius
304 2401 352 2463 est,
376 2409 458 2462 quam
481 2399 601 2450 consumi
625 2413 693 2464 earn,
718 2396 763 2448 ubi
786 2411 837 2448 non
860 2397 948 2466 possit
978 2397 1087 2452 ostendi.

178 2461 281 2516 Eadem
299 2461 355 2516 iere
372 2461 547 2536 Ptolemaeus,
561 2473 588 2518 et
606 2465 704 2518 similia
716 2463 758 2518 his
768 2463 859 2517 ceteri.
895 2465 1026 2537 Jamque
1038 2483 1088 2520 con

207 2625 214 2647 ¹
225 2617 296 2670 Your
306 2619 346 2703 lise
355 2620 378 2728 iss
388 2621 416 2670 oi
428 2622 490 2730 litltge
500 2621 570 2698 velue
581 2631 607 2671 to
617 2637 676 2683 you,
688 2631 714 2672 ut
725 2639 789 2672 nunc
797 2631 840 2680 cst,
852 2613 1008 2690 ‘according
1019 2640 1047 2676 to
1055 2643 1087 2686 op·

177 2694 362 2819 pazr‘iiiieriever
372 2696 462 2800 {ieiia
473 2717 600 2789 multitude
611 2739 639 2788 oi
650 2738 683 2810 cll
693 2740 789 2789 notions
799 2755 855 2802 may
866 2743 988 2802 conspire
1000 2762 1017 2796 a
1051 2747 1089 2794 imi

177 2811 224 2902 pah
234 2797 287 2904 ἕξ.
309 2798 374 2904 233
384 2799 714 2906 fflssffssfnwirrgi⁸tlve'
725 2801 787 2848 been
797 2799 866 2856 used,
877 2815 917 2848 we
930 2801 1014 2854 shoul
1038 2806 1089 2854 lure

206 2917 215 2942 ¹
227 2873 359 2963 ‘Yoiinwill
366 2931 479 2986 causeus
489 2925 515 2964 to
525 2917 555 2966 be
566 2875 616 2964 si'ill
627 2894 813 2985 unconquered.’

207 2977 215 3000 ⁴
227 2972 307 3056 :Thai
319 2989 366 3032 you
377 2991 417 3022 are
427 2989 492 3036 grvtn
517 2991 550 3082 ug
560 2986 585 3024 to
596 2975 686 3024 chance
698 2975 860 3035 (particularly
871 2983 898 3023 to
908 2976 1041 3041 (langen)

207 3038 215 3062 ⁶
241 3029 390 3100 Unlcss'you
400 3045 489 3082 return.
551 3049 579 3083 ee
593 3035 672 3084 Grom.
685 3035 698 3086 i
709 3037 762 3090 405,
774 3044 843 3084 notes
854 3037 869 3082 2
880 3036 931 3084 and
942 3041 967 3088 3.

205 3089 797 3200 :peqshtotlnsconjunffiioffsgszunlrpk§80711
841 3152 856 3200 d
964 3157 970 3168 ι
1087 3159 1091 3171 1

281 3159 455 3197 emostcowar
481 3165 497 3211 y
521 3167 552 3199 un
570 3167 646 3200 swou
695 3167 779 3211 avepo
799 3160 839 3200 ute
863 3153 1085 3212 (bytherrtoudrl.

205 3212 213 3236 ⁸
224 3203 346 3266 ‘Though
357 3221 405 3266 you
415 3209 484 3257 mark
495 3209 535 3258 the
546 3211 625 3258 whole
636 3226 705 3271 army
716 3210 776 3258 with
786 3211 923 3272 ignominy‚
939 3228 987 3286 yet
1006 3235 1041 3269 no
1056 3229 1093 3266 our

176 3325 244 3386 king)
255 3325 334 3394 ulrich
345 3324 375 3372 he
387 3326 456 3374 could
465 3337 506 3374 not
517 3328 620 3387 promise
632 3337 657 3376 to
667 3329 743 3377 sdmit
750 3269 849 3386 “mise
859 3269 1094 3388 fitistiireugiloffiii

176 3386 204 3433 ol
216 3384 295 3433 which
305 3385 336 3435 he
347 3383 417 3432 could
429 3395 469 3433 not
480 3387 600 3442 answer).’

176 3448 232 3548 nez:
241 3442 386 3550 iiiiii&
396 3445 489 3492 receive
499 3445 597 3503 (thuris,
607 3445 687 3494 which
697 3462 738 3495 are
748 3446 869 3498 sufficient
879 3449 927 3507 lor)
939 3468 1012 3514 your
1023 3469 1094 3519 great·

178 3265 228 3316 wilt
243 3265 322 3314 resuse
338 3275 363 3312 to
380 3267 409 3314 be
425 3267 544 3326 punished
559 3269 595 3318 sor
610 3269 662 3320 that
679 3270 767 3325 (namel
