2410 3890
505 229 596 269 utura
616 230 643 268 v.
971 209 1027 266 109

122 336 229 404 egregio
241 334 396 389 interfutura
407 335 553 405 conamini,
564 335 638 388 testis
650 335 744 388 eade'ni
757 335 885 405 cujusque
897 333 1026 388 factorum

122 407 161 460 ct¹
177 403 212 458 de
231 404 363 474 judicibus
383 404 465 460 latura
485 406 657 458 sententiam:
678 406 776 474 qnippe
795 421 892 457 verona
909 421 942 456 an
961 401 1026 456 salso

123 474 217 528 honos²
231 475 327 542 cuique
345 473 492 542 haberetur,
508 476 619 542 ignorari
638 490 688 524 nou
706 481 815 542 poterat.
851 473 955 525 Primus
972 489 1027 525 oiri-

123 544 198 596 nium
214 543 316 595 virtutis
332 559 412 594 causa
429 541 540 596 donatus
558 555 598 594 est
616 541 752 594 Atharrias
769 542 873 610 senioi,³
888 542 932 610 qui
949 542 1027 594 omis·

121 629 184 666 suin
203 612 271 680 apud
293 611 491 665 Halicarnasson
503 629 520 664 a
531 611 677 680 junioribus
688 610 817 680 proelium
831 628 898 662 unus
910 611 1027 664 maxime

124 681 297 734 accenderat:
316 681 450 748 proximus
462 681 486 733 ei
498 682 643 749 Antigenes
655 680 726 732 visus
742 687 796 730 est:
817 682 922 732 tertium
941 679 1027 732 locum

125 749 243 804 Philotas
255 754 380 816 Augaeus
391 750 515 802 obtinuit:
535 759 643 818 quartus
654 751 787 818 Amyntae
800 747 892 801 datur:
912 758 969 817 post
980 748 1029 800 hos

124 819 279 886 Antigonus,
289 828 315 870 et
327 818 361 872 ab
373 835 405 871 eo
417 819 562 888 Lyncestes
571 821 701 886 Amyntas
712 817 773 870 suit:
787 815 929 885 septimum
942 817 1029 870 locum

125 886 285 955 Theodotus,
299 887 422 942 ultimum
441 888 552 940 obtinuit
571 889 730 940 Hellanicus.
766 887 796 940 Iri
816 884 953 954 disciplina
966 902 1029 954 quo·

125 973 180 1025 que
198 957 318 1008 militaris
336 959 373 1009 rei
391 974 407 1008 a
425 956 567 1025 majoribus
579 955 693 1028 [tradita]
707 957 831 1024 pleraque
846 971 949 1007 summa
961 953 1029 1007 utili·

127 1033 182 1078 tate
209 1027 330 1087 mutarit.
373 1026 445 1080 Nam
472 1043 535 1078 cum
557 1035 619 1078 ante
642 1027 746 1094 equites
770 1026 795 1077 in
819 1041 894 1078 suain
918 1023 1030 1092 quisque

125 1104 234 1162 gentem
253 1093 463 1148 describerentur
480 1097 595 1148 seorsus⁴
608 1111 623 1145 a
638 1094 740 1163 ceteris,
753 1102 877 1162 exempto
895 1093 1030 1146 nationum

123 1163 286 1231 discrimine,
305 1163 452 1233 praefectis,
472 1181 522 1218 nori
540 1164 631 1232 utique
648 1181 755 1216 suarum
772 1163 900 1232 gentium,
920 1161 966 1216 sed
985 1161 1031 1214 de·

126 1231 211 1301 lectis,
231 1232 356 1286 attribuit.
393 1233 477 1302 Tube,
498 1249 561 1286 cum
583 1241 669 1286 castra
691 1249 798 1286 movere
818 1233 906 1300 vellet,
928 1231 1031 1300 signum

126 1301 215 1370 dabat,
234 1301 310 1370 cujus
329 1319 409 1356 sonus
427 1302 583 1372 plerumque
604 1301 821 1355 tumultuantium
839 1301 947 1355 fremitu
971 1317 1031 1354 exo-

126 1372 219 1438 riente,
232 1370 303 1424 haud
316 1371 380 1424 satis
392 1371 593 1425 exaudiebatur:
613 1387 673 1439 ergo
686 1371 821 1440 perticam,
834 1387 902 1440 quae
914 1371 1032 1440 undique

127 1440 243 1509 conspici
266 1449 361 1509 posset,
385 1457 464 1510 supra
486 1439 644 1511 praetorium
668 1440 771 1492 statuit:
796 1457 829 1492 ex
870 1458 905 1492 ua
928 1440 1032 1508 signum

127 1509 262 1564 eminebat
285 1510 380 1578 pariter
400 1511 523 1564 omnihus
543 1509 729 1578 conspicuum:
753 1458 941 1564 obseivhliatur
964 1510 1033 1578 ignis

127 1588 214 1647 noctu,
228 1579 317 1632 sumus
329 1577 450 1632 interdiu.

164 1653 189 1700 8.
209 1649 321 1716 Jamque
345 1647 420 1700 Susa⁶
438 1648 463 1700 ei
481 1647 583 1700 adituro
601 1647 730 1716 Abulites,
749 1646 862 1714 regionis
882 1645 941 1716 ejus
960 1663 1033 1716 prae-

127 1715 220 1786 t'ectus,
234 1717 290 1769 sive
304 1717 380 1770 Darei
391 1716 473 1786 jussu,
488 1725 515 1770 ut
528 1714 707 1770 Alexandrum
719 1715 818 1784 praeda
830 1715 962 1783 retineret,
976 1715 1034 1768 sive

128 1784 397 1855 comportantium
419 1785 526 1839 obviam
548 1785 627 1854 misit,
647 1785 800 1838 traditurum
820 1801 849 1836 se
867 1786 960 1838 urbem
978 1800 1034 1853 pro-

127 1856 244 1908 mittens.
280 1854 396 1922 Benigne
414 1854 541 1923 juvenem
561 1855 663 1922 excepit
682 1871 735 1919 rex,
754 1862 781 1906 et
799 1853 894 1906 eodem
913 1852 981 1906 duce
999 1853 1034 1906 ad

128 1922 270 1994 Choaspin⁰
281 1939 386 1976 amnem
399 1924 526 1992 pervenit,
539 1922 688 1990 delicatam,
702 1932 730 1974 ut
743 1920 816 1973 lama
827 1929 875 1990 est,
889 1922 1034 1974 vehentem

127 2010 235 2062 aquam.
272 1993 321 2046 Hic
333 1991 455 2046 Abulites
473 2008 535 2044 cum
553 1990 628 2042 donis
646 1989 743 2057 regalis
754 1990 904 2057 opulentiae
916 1989 1034 2044 occurrit.

128 2062 275 2116 Dromades
292 2061 398 2114 cameli⁷
415 2061 482 2113 inter
499 2059 567 2112 dona
585 2067 658 2112 erant
677 2057 826 2111 velocitatis
843 2059 966 2127 eximiae,
985 2059 1034 2112 XII

128 2131 263 2201 elephanti
280 2149 296 2182 a
315 2131 400 2184 Dareo
418 2147 452 2184 eii
470 2129 545 2184 India
562 2127 648 2200 acciti,
665 2127 720 2199 jam
738 2144 789 2181 non
807 2137 895 2198 terror,
908 2138 936 2181 ut
949 2145 1035 2198 spera·

129 2210 211 2268 verat,
236 2199 422 2270 Macedonum,
447 2198 495 2252 sed
518 2199 653 2267 auxilium,
677 2214 742 2268 opes
764 2198 827 2250 victi
850 2198 885 2250 ad
907 2199 1036 2252 victorem

129 2269 303 2322 transferente
324 2269 435 2322 fortuita.
471 2269 506 2323 Ut
524 2285 586 2321 vero
606 2268 700 2320 urbem
720 2267 833 2338 intravit,
852 2267 1035 2322 incredibilem

130 2354 166 2390 ex
188 2337 319 2390 thesauris
342 2355 475 2391 summam
495 2338 623 2408 pecuniae
644 2338 747 2408 egessit,
770 2338 791 2390 L
812 2337 885 2392 milia
904 2335 1035 2392 talentum

130 2407 231 2476 argenti
252 2423 303 2458 non
324 2407 418 2475 signati
439 2406 530 2476 forma,
552 2405 599 2459 sed
618 2407 676 2458 rudi
699 2405 824 2476 pondere.
859 2405 937 2460 Multi
959 2423 1036 2476 reges

130 2483 217 2528 tantas
229 2491 293 2544 opes
304 2474 381 2543 longa
394 2485 482 2528 aetate
500 2475 698 2529 cumulaverant
717 2475 805 2528 liberis
822 2477 993 2546 posterisque,
1006 2485 1035 2528 ut

130 2544 330 2614 arbitrabantur,
343 2561 410 2613 quas
426 2561 479 2597 una
496 2545 559 2598 hora
577 2545 605 2596 in
622 2544 722 2596 externi
740 2545 810 2612 regis
827 2560 922 2598 matins
939 2545 1034 2597 intulit.

130 2612 256 2667 Consedit
275 2612 370 2666 deinde
390 2613 417 2666 iii
437 2613 508 2682 regia
527 2612 594 2666 sella
613 2613 696 2664 multo
719 2613 863 2666 excelsiore
886 2631 966 2682 quain
988 2629 1035 2683 pro

136 2817 141 2827 Ι
160 2763 168 2786 ¹
179 2757 214 2804 At
225 2770 285 2804 once
295 2755 394 2804 witness
408 2755 455 2804 and
468 2753 557 2815 judg'e3
574 2751 736 2812 conformably
748 2762 773 2800 to
784 2753 824 2800 the
835 2752 941 2812 peonliiir
950 2767 994 2802 use
1005 2754 1033 2802 of

131 2818 261 2922 'filatim
272 2873 298 2942 ,is
313 2889 380 2922 more
390 2885 506 2942 'common
517 2871 575 2938 thari
585 2874 657 2938 tenor
667 2871 692 2918 in
702 2869 742 2918 the
759 2869 831 2918 Iratin
847 2869 945 2920 authors
960 2886 1033 2932 gene·

131 2931 474 3047 mlllldtnltllsthllllhllllvllillal
478 2929 612 3048 ilothlhliimuhJ
615 2945 651 3037 1ιῦιιΕ
652 2945 751 3048 Γζἐιιιι,ν
763 3001 790 3035 or
803 2992 848 3036 ‘au
858 2987 949 3049 elderly
960 2991 1033 3039 inan!

132 3051 276 3178 εῗθιιξῖῗῗὲ
285 3049 441 3176 ἶρῗιίιέιοιῖῗρη
450 3107 478 3155 oi
484 3107 537 3154 nn-
543 3106 591 3154 ιιι
600 3105 691 3154 timus
698 3105 808 3160 saveriis,
819 3120 860 3154 ses
871 3106 949 3156 orae.
959 3108 1034 3160 ieet.

161 3166 290 3217 ⁸Stiuated
300 3181 325 3213 iri
335 3166 376 3214 the
387 3165 584 3235 neighbourhood
593 3165 621 3212 ol
633 3166 673 3212 the
684 3163 784 3214 modern
794 3164 903 3214 Shuater.
939 3225 943 3234 Ι

159 3227 236 3274 'The
247 3239 316 3272 name
327 3224 355 3273 of
367 3223 415 3274 this
426 3240 489 3274 river
498 3240 549 3272 was
563 3224 640 3273 either
657 3223 781 3283 Choaspes
797 3239 823 3272 ot
839 3222 967 3284 Choaspin,
979 3239 1034 3273 now

132 3283 388 3410 Klrllllhrirlhecrhinels
396 3341 412 3398 ;’
427 3342 519 3412 thetis,
532 3351 573 3390 not
584 3340 736 3410 sparticular
745 3340 839 3400 species
849 3341 877 3410 of
883 3341 924 3390 the
935 3340 1032 3410 animal,

133 3401 278 3512 ffipmeh
289 3399 381 3450 trained
390 3410 416 3448 to
425 3415 534 3462 carim
544 3415 659 3458 moriere,
669 3399 729 3450 such
739 3415 766 3450 aa
776 3413 816 3450 ara
826 3400 878 3450 still
887 3399 948 3450 used
957 3413 983 3450 iit
991 3398 1034 3448 the
