2314 3886
175 229 234 282 236
444 243 483 282 aa
507 243 615 282 oasrrs
637 243 820 282 Auxanum.
1117 1 1122 319 l

175 351 293 404 habuere
306 351 403 422 posteri
416 371 500 420 reges,
514 368 625 421 quorum
645 350 769 420 stirpibus
789 357 846 420 post
864 349 975 404 multas
993 360 1083 404 aetates
1120 329 1122 392 i

173 422 283 474 Runrani
310 439 374 490 opes
401 423 567 474 ademerunt.
611 421 693 488 Igitur
716 420 881 487 Hermolaus,
908 437 982 488 puer
1002 420 1083 472 nobilis
1120 395 1122 454 l

174 507 207 542 ex
232 494 304 558 regia
328 491 442 558 cohorte,
467 509 529 544 carn
553 508 646 560 apnrm
672 489 723 541 telo
746 498 911 557 occupasset,
935 506 1023 557 quem
1048 508 1083 542 rer

173 558 252 611 ferire
264 561 450 629 destinaverat,
463 561 535 629 jussu
549 559 607 628 ejus
620 558 774 612 verberibus
784 559 900 610 affectus
912 567 969 610 est.
1007 559 1083 618 Quam

173 629 344 696 ignominiam
357 647 437 699 aegre
451 631 538 682 lerens
551 629 650 681 deflere
663 628 732 697 apud
751 628 896 681 Sostratum
910 628 1017 698 coepit.
1052 630 1083 682 Er

173 698 268 752 eadem
285 699 391 752 cohorte
409 707 465 752 erat
485 700 622 766 Sostratae,
635 714 725 748 amore
743 696 801 766 ejus
817 697 923 748 ardeus.
966 699 1083 756 Quicum
1121 745 1122 758 ,

173 767 319 822 laceratum
338 786 440 838 corpus,
455 769 479 821 in
493 786 545 837 quo
557 767 712 836 deperibat,¹
727 767 879 833 intueretur,
893 764 1011 820 forsitan
1030 769 1084 819 olirn

173 837 208 890 ob
221 838 301 893 aliern
315 855 421 908 quoque
434 855 542 890 causam
564 838 617 904 regi
639 836 757 906 infestus,
770 835 900 905 juvenum
922 853 978 887 sua
1000 849 1084 904 sponte

146 903 149 914 '
171 905 226 976 jam
250 918 360 975 motum,
384 909 447 959 (lata
470 907 523 960 lirle
553 914 717 974 acceptaque
747 905 867 974 perpulit,
892 913 921 956 ut
948 906 1085 958 occidendi

173 992 261 1044 regern
287 977 426 1030 consilium
452 993 544 1028 secum
569 976 655 1028 iniret.
698 975 756 1028 Nec
781 973 874 1044 puerili
899 974 1011 1042 impetu
1038 993 1085 1028 reru
1121 1017 1122 1026 ,

172 1048 278 1099 executi
299 1057 374 1099 sunt:
396 1047 495 1115 quippe
513 1044 641 1096 sollerter²
654 1045 780 1113 legerunt,
794 1061 860 1114 quos
879 1042 905 1096 in
928 1046 1086 1096 societatem

172 1117 280 1168 sceleris
302 1117 469 1180 asciscerent.
514 1115 700 1182 Nicostratum,
722 1115 890 1182 Antipatrum
913 1114 1086 1183 Asclepiodc

172 1201 283 1254 rumque
304 1199 330 1238 et
351 1185 481 1237 Philotam
506 1183 605 1252 placuit
625 1183 742 1234 assumi:
770 1199 816 1252 per
834 1182 883 1236 hos
902 1182 1011 1252 adjecti
1034 1194 1087 1236 suut

172 1254 301 1322 Anticles,
327 1254 481 1322 Elaptonius
504 1262 531 1304 et
555 1253 709 1321 Epimenes.
753 1252 875 1304 Ceterum
900 1253 1034 1319 agendae
1057 1255 1087 1304 rei

172 1322 242 1374 haud
271 1341 334 1376 sane
359 1323 444 1374 facilis
468 1321 576 1390 patebat
598 1322 647 1373 via.
691 1321 764 1390 Opus
787 1329 842 1372 erat
868 1320 970 1374 eadem
997 1340 1088 1375 omnes

171 1390 320 1460 conjuratos
332 1399 407 1444 nocte
421 1391 561 1458 excubare,
575 1407 608 1444 ne
626 1390 661 1443 ab
679 1388 830 1460 expertibus
847 1390 954 1442 consilii
975 1392 1088 1460 impedi·

172 1470 274 1527 rentur,
296 1461 361 1513 sorte
381 1471 471 1513 autern
491 1461 561 1513 alius
580 1460 632 1511 alia
651 1469 728 1511 nocte
746 1457 906 1512 excubabat.
946 1461 1046 1529 Itaque
1066 1462 1088 1512 in
1121 1479 1122 1484 ¹

170 1530 352 1598 permutandis
364 1531 506 1582 stationum
519 1529 633 1582 vicibus³
645 1537 785 1597 ceteroque
802 1536 933 1597 apparatu
952 1546 1088 1600 exequen-

170 1597 221 1651 dae
235 1600 270 1652 rei
284 1600 388 1668 triginta
401 1609 427 1652 et
440 1599 491 1652 duo
504 1599 562 1652 dies
572 1598 709 1666 absumpti
721 1605 790 1650 sunt.
1121 1651 1122 1656 ,

206 1673 246 1720 22.
267 1670 364 1722 Aderat
383 1687 441 1737 nos,
458 1686 510 1738 qna
528 1667 656 1738 conjurati
675 1666 808 1719 excubare
825 1665 973 1734 debebant,
997 1679 1089 1721 mutua
1121 1703 1122 1708 ,

170 1737 223 1790 fide
247 1738 319 1806 laeti,
340 1738 416 1808 cujus
439 1739 628 1790 documentum
654 1745 690 1788 tot
710 1737 768 1790 dies
789 1734 900 1788 luerent.
939 1738 1090 1790 Neminem

169 1818 258 1859 matus
276 1825 370 1876 spesve
389 1817 552 1860 mutaverat:
579 1815 651 1858 tanta
673 1805 797 1858 omnibus
816 1803 859 1856 vel
878 1804 904 1855 in
924 1822 1024 1874 regern
1046 1809 1089 1871 ira,

169 1877 223 1930 vel⁴
235 1877 302 1930 fides
315 1877 383 1930 inter
395 1877 464 1946 ipsos
477 1876 533 1930 snit.
570 1875 678 1928 Stabant
697 1875 776 1942 igitur
787 1873 820 1926 ad
835 1873 903 1926 lores
920 1875 1008 1928 aedis
1027 1877 1089 1945 ejus,

169 1947 194 1998 in
215 1963 268 2016 qua
290 1965 334 2000 rex
354 1946 519 2014 vescebatur,
537 1953 565 1998 ut
586 1943 707 1996 convivio
726 1960 863 2012 egressum
883 1943 908 1994 in
930 1944 1092 1998 cubiculum

168 2016 338 2068 deducerent.
375 2017 426 2069 Sed
439 2016 543 2068 fortuna
563 2015 645 2084 ipsius
664 2013 796 2136 simulrpue
814 2010 987 2081 epulantium
1012 2017 1091 2068 coini-

169 2087 219 2136 tas⁶
231 2087 348 2154 provexit
367 2102 460 2138 omnes
472 2085 505 2137 ad
519 2085 615 2152 largius
627 2083 735 2151 vinum3
766 2081 809 2135 udi
827 2081 910 2134 etiarn
931 2087 1093 2136 convivales

169 2163 306 2206 extraxere
325 2166 439 2224 tempus,
453 2171 523 2206 nunc
542 2151 702 2206 laetantibus
719 2151 869 2222 conjuratis,
883 2152 957 2220 quod
970 2157 1093 2223 sopitum

168 2225 316 2290 aggressuri
330 2232 425 2291 essent,
440 2239 510 2276 nunc
529 2223 654 2300 sollicitis,
668 2238 701 2273 ne
715 2222 741 2274 in
759 2222 848 2276 lucem
866 2222 1030 2277 convivium
1052 2243 1094 2276 ex·

169 2291 293 2342 traheret.
329 2292 432 2360 Quippe
455 2293 522 2344 alios
544 2294 570 2344 in
595 2302 735 2344 statronem
755 2288 892 2360 oportebat
916 2293 1014 2360 prima
1036 2294 1094 2346 luce

169 2361 322 2428 succedere,
339 2362 453 2429 ipsorum
473 2369 531 2430 post
550 2362 694 2430 septimum
714 2360 787 2412 diem
802 2358 917 2412 reditura
938 2361 1025 2414 vice:
1048 2380 1095 2415 nec

169 2446 273 2498 sperare
287 2438 413 2499 poterant,
427 2430 452 2482 in
471 2431 535 2482 illud
555 2439 662 2500 tempas
678 2429 801 2482 omnibus
818 2428 976 2482 duraturam
998 2431 1095 2486 fidem.

169 2499 293 2552 Ceterum
313 2517 375 2553 curn
394 2499 449 2568 jarn
470 2501 514 2553 lux
537 2508 681 2569 appeteret,
700 2506 727 2552 et
747 2497 899 2552 convivium
922 2499 1053 2570 solvitur,
1071 2511 1096 2552 et

168 2570 295 2623 con'urati
322 2579 483 2638 exceperunt
513 2587 611 2636 regem,
637 2566 702 2622 laeti
729 2567 899 2620 occasionem
931 2570 1097 2640 exequendi

166 2657 211 2694 soe
224 2639 275 2694 eris
294 2641 428 2693 admotam
439 2639 457 2706 5⁶
476 2657 537 2692 oum
559 2638 655 2691 mulier
673 2637 808 2706 attonitae,
830 2646 858 2688 ut
879 2637 1026 2692 creditum
1048 2648 1096 2708 est,

167 2711 283 2779 mentis,⁷
301 2711 449 2764 conversari
469 2710 496 2762 in
516 2710 588 2776 regia
606 2707 690 2775 solita,
704 2708 767 2776 quia
785 2705 924 2758 instinctu⁸
943 2707 1098 2762 videbatur

167 2779 255 2832 lutura
279 2781 441 2848 praedicere,
465 2796 517 2831 non
540 2778 653 2829 occurrit
676 2777 754 2830 modo
783 2775 900 2844 abeunti,
926 2776 979 2828 sed
1010 2779 1099 2832 etiam

196 2897 202 2920 ¹
216 2891 301 2939 ‘With
313 2867 393 2942 whom
403 2893 432 2940 he
441 2867 495 2939 iras
507 2891 530 2938 in
542 2891 612 2938 love’
645 2889 757 2950 Deperire
768 2889 788 2936 is
800 2886 930 2947 ordinarily
941 2863 1098 2946 cremet—ruem

166 2949 215 2998 lilre
226 2968 312 3006 umore,
322 2951 381 2999 with
390 2952 431 2999 the
441 2951 591 3006 accusative3
609 2951 653 2997 but
665 2949 730 3003 hore,
743 2948 767 2994 in
776 2947 817 2994 the
826 2962 893 2994 earne
901 2961 958 3008 way
966 2964 1001 2997 as
1009 2955 1101 2999 ardere

165 3007 791 3116 *tt-attrahereratttr„ttttt,r0n¹³t⁶·

193 3133 202 3155 ³
215 3127 258 3174 ‘ln
271 3085 370 3234 makiiig
380 3128 486 3195 changes
497 3127 525 3174 ol
532 3127 594 3174 their
605 3137 672 3173 turns
683 3102 714 3171 oh
725 3123 817 3184 guard!

193 3187 250 3234 ‘As
261 3197 287 3234 to
298 3186 339 3233 the
368 3187 489 3234 istinctron
500 3189 612 3234 between
622 3196 664 3252 aut
675 3183 721 3231 aad
732 3186 777 3238 cel,
790 3198 831 3231 see
844 3183 973 3252 Zumpt&
988 3190 1052 3235 339.

194 3254 202 3277 ¹
214 3243 387 3293 Cheerlulness
399 3245 418 3292 is
431 3245 568 3291 mentioned
584 3243 635 3290 also
645 3257 671 3290 rn
681 3241 782 3292 another
792 3257 895 3303 passage
907 3244 966 3298 (vin.
985 3249 1030 3299 16)
1042 3262 1075 3295 us
1087 3261 1101 3292 s

163 3303 284 3410 deiiiiissg
293 3302 584 3407 gualigpcipeganqneters.

194 3424 202 3445 ¹
215 3377 268 3466 ‘Ol
280 3435 293 3466 a
304 3375 481 3486 pidssessed'cr
494 3416 646 3476 ‘prophectis
657 3417 739 3466 mind.¹

192 3481 201 3506 ⁸
214 3477 303 3525 ‘From
314 3475 470 3534 tnsptrttlton.'
