2410 3890
523 229 616 273 arasa
635 230 662 270 r.
733 221 735 232 '
760 271 764 282 ,
985 215 1037 271 lll

175 343 215 392 10.
234 337 356 408 Mitigato
375 338 463 392 animo
483 339 549 409 eJus,
571 355 618 392 rex
637 340 736 406 quartis
755 340 848 393 castris
867 339 1040 409 pervenitad

138 407 239 476 Tigrim
259 408 386 461 fluvium:
410 409 559 476 Pasitigrim
579 408 679 460 incolae
696 416 804 462 vocant:
823 409 904 461 oritur
922 409 947 466 in
967 425 1040 462 rnon·

138 476 209 530 tibus
226 477 361 546 Uxiorum,
382 485 408 529 et
428 494 474 546 per
494 479 514 530 L
535 476 621 529 stadia
641 477 806 530 silvestribus
828 477 890 547 ripis
912 495 1041 558 praeceps
1071 521 1074 528 ,

138 546 206 599 inter
225 563 290 599 sarra
309 546 463 598 devolvitur.
498 545 639 614 Accipiunt
658 545 756 598 deinde
777 563 840 599 eum
858 565 953 615 campi,
974 564 1040 616 qnos

137 615 308 668 clementiore
327 615 403 666 alveo
423 616 554 684 praeterit,
572 615 627 683 jam
645 615 752 667 navium
770 616 881 684 patiens.
917 617 962 668 DC
979 623 1040 669 sunt
1079 652 1082 658 ·

138 683 224 736 stadia
242 684 366 736 mollioris
383 683 438 753 soli,
457 700 504 752 per
522 684 592 752 quod
612 685 664 736 leni
683 691 768 736 tractu
786 700 915 751 aquarum
934 686 1040 738 Persico

139 753 203 804 mari
216 770 245 804 se
257 753 378 806 insinuat.
409 756 496 805 Amne
505 761 634 822 superato,
648 770 709 806 cum
718 753 754 805 IX
762 752 869 805 milibus
880 754 1000 822 peditum
1012 764 1039 806 et

138 821 261 890 Agrianis
279 823 473 891 sagittariisque
492 829 518 874 et
535 823 696 875 Graecorum
716 821 935 875 mercenariorum
957 823 1040 876 tribus

138 890 250 960 milibus,
270 891 367 945 additis
386 891 516 944 Thracum
537 891 616 961 mille,
630 892 657 944 in
676 892 810 960 regionem
827 891 964 944 Uxiorum¹
981 909 1039 960 per·

138 960 218 1012 venit.
256 960 382 1013 Finitima
399 960 473 1013 Susis
490 968 537 1030 est,
551 968 578 1012 et
597 961 625 1014 in
642 961 756 1030 primam
767 959 904 1013 Persidem
916 963 1037 1029 excurrit,

137 1037 222 1082 artum
235 1029 302 1082 inter
315 1047 342 1082 se
355 1041 382 1082 et
394 1029 516 1082 Susianos
527 1029 630 1082 aditum
648 1030 806 1100 relinquens.
842 1029 967 1082 Medates
983 1038 1039 1082 erat

137 1098 250 1165 regionis
272 1097 429 1168 praefectus,
454 1098 524 1153 baud
548 1115 611 1151 sane
634 1100 793 1168 temporuml
816 1096 910 1168 homo;
940 1099 1039 1168 quippe

137 1166 230 1220 ultima
242 1183 287 1236 pro
299 1167 352 1220 fide
364 1167 476 1236 experiri
488 1167 650 1221 decreverat.
680 1169 731 1222 Sed
743 1167 821 1238 periti
833 1169 948 1221 locorum
960 1167 1039 1221 Alex·

136 1236 250 1289 andrum
261 1237 363 1306 docent,
377 1237 509 1289 oecultum
527 1237 577 1289 iter
594 1253 653 1290 esse
671 1255 718 1308 per
735 1237 817 1291 calles
831 1246 858 1290 et
869 1254 992 1290 aversum
1004 1237 1039 1290 ab

136 1306 217 1358 urb'e:
237 1305 260 1358 si
279 1323 376 1374 paucos
393 1306 508 1358 misisset
528 1307 621 1359 leviter
638 1315 759 1378 armatos,
779 1323 858 1378 super
874 1307 960 1376 capita
980 1306 1038 1360 hos·

136 1375 202 1426 tium
224 1391 356 1428 evasuros.
393 1375 460 1428 Cum
480 1376 619 1428 consilium
639 1376 789 1446 placuisset,
810 1375 893 1429 iidem
913 1377 1038 1430 itinerum

136 1441 242 1496 iusrunt
258 1443 350 1496 duces.
386 1443 417 1496 M
429 1453 456 1496 et
468 1445 492 1496 D
503 1444 627 1498 mercede
642 1443 764 1498 conducti
780 1451 807 1498 et
818 1445 927 1515 A'griani
939 1444 995 1498 fers
1006 1446 1039 1501 M

135 1512 249 1564 Tauroni
268 1512 403 1581 praefecto
422 1513 484 1582 dati,
506 1531 538 1567 ac
557 1522 614 1582 post
639 1515 701 1567 solis
723 1531 847 1567 occasurn
868 1514 918 1566 iter
937 1514 1038 1583 ingredi

134 1581 210 1649 jussi.
246 1582 305 1650 lpse
318 1581 396 1634 tertia
408 1581 498 1650 vigilia
515 1583 607 1635 castris
624 1584 703 1636 motis
720 1583 790 1636 circa
807 1580 875 1635 lucis
892 1591 977 1636 ortum
996 1600 1038 1636 su·

134 1659 209 1720 perat
228 1651 370 1720 angustias,
392 1667 523 1721 caesaque
546 1651 657 1705 materia
677 1652 793 1705 cratibus
812 1659 839 1703 et
858 1651 955 1720 pluteis
975 1652 1037 1705 iaci-

134 1719 231 1788 undis?
249 1729 278 1772 ut
297 1720 342 1788 qui
366 1728 450 1773 turres
469 1721 641 1774 admoverent
661 1730 735 1774 extra
755 1719 801 1773 teli
818 1719 920 1790 jactum
939 1729 1035 1790 essent,

134 1788 229 1842 urbem
252 1789 373 1842 obsidere
396 1789 491 1858 coepit.
534 1792 678 1858 Praerupta
700 1798 773 1843 erant
795 1789 891 1859 omnia,
916 1791 987 1842 saxis
1010 1799 1038 1843 et

134 1857 247 1911 cotibus⁴
258 1858 393 1928 impedita.
428 1858 523 1912 Multis
535 1875 596 1928 ergo
608 1858 761 1912 vulneribus
776 1857 888 1928 depulsi,
901 1868 930 1912 ut
940 1858 1038 1929 quibus

134 1943 185 1979 non
198 1943 260 1980 cum
272 1927 348 1980 hoste
361 1928 453 1996 solum,
467 1927 608 1982 sedetiam
621 1943 682 1980 cum
694 1926 750 1980 loco
762 1926 943 1980 dimicandum
956 1936 1035 1997 esset,

134 1995 259 2049 subibant
272 2004 368 2065 tamen,
381 1997 443 2066 quia
455 2013 501 2049 rex
516 1997 584 2049 inter
595 1996 694 2065 primos
704 1995 863 2064 constiterat,
876 1996 1038 2063 interrogans

134 2072 172 2118 tot
191 2065 296 2118 urbium
317 2065 437 2133 victores,
458 2081 492 2128 an
513 2065 698 2118 erubescerent
721 2064 830 2118 haerere
855 2065 881 2117 in
900 2064 1036 2118 obsidione

134 2134 238 2186 castelli
258 2135 348 2202 exigui
366 2143 392 2188 et
415 2133 545 2204 ignobilis,
566 2133 645 2188 simul
667 2134 823 2188 admonens⁶
840 2136 858 2171 ¹*
876 2135 930 2171 Η
967 2135 1037 2188 lntsr

134 2202 202 2256 baec
214 2203 319 2256 eminus
329 2203 483 2273 petebatur,
501 2221 583 2273 quem
601 2204 733 2257 testudine
751 2203 855 2274 objecta
871 2204 977 2274 milites,
991 2202 1037 2257 ubi

133 2279 163 2325 ut
174 2271 322 2326 discederet
334 2272 480 2342 perpellere
492 2273 654 2342 nequierant,
667 2273 815 2326 tuebantur.

171 2348 210 2394 11.
228 2341 349 2395 Tandem
361 2342 465 2394 Tauron
480 2359 559 2414 super
569 2359 660 2395 arcem
672 2340 744 2395 urbis
756 2359 784 2394 se
796 2359 859 2395 curn
871 2358 918 2394 suo
930 2343 1036 2410 agmins

133 2409 263 2462 ostendit:
281 2409 316 2463 ad
334 2409 410 2480 cujus
427 2419 599 2480 conspectum
618 2418 644 2464 et
662 2411 779 2464 hostium
794 2412 877 2465 enimi
895 2410 992 2481 labare,
1010 2420 1037 2464 et

133 2477 298 2532 Macedones
315 2481 403 2535 acrius
421 2479 551 2548 proelium
569 2479 635 2532 inire
654 2488 804 2549 coeperunt.
841 2483 948 2550 Anceps
965 2480 1036 2550 oppi-

134 2548 217 2601 danos
233 2548 335 2602 malum
353 2548 471 2618 urgebat,
485 2566 535 2601 nec
550 2549 605 2601 sisti
618 2548 659 2600 vis
671 2548 786 2601 hostium
797 2556 906 2617 poterat.
942 2549 1037 2602 Paucis

133 2617 166 2670 ad
180 2616 353 2687 moriendum,
365 2617 484 2688 pluribus
503 2615 537 2670 ad
556 2617 646 2684 fugam
664 2617 769 2670 animus
785 2617 842 2685 fuit,
862 2633 958 2685 magna
975 2633 1036 2686 pars

133 2687 160 2740 in
178 2704 267 2740 arcem
284 2687 423 2740 concessit.
459 2685 523 2739 Inde
541 2687 612 2740 XXX
628 2686 773 2739 oratoribus
791 2685 878 2738 missis
893 2686 927 2739 ad
943 2685 1035 2754 depre-

134 2755 257 2826 candum,
277 2756 350 2808 triste
369 2771 524 2826 responsum
542 2773 559 2808 a
577 2771 640 2824 rege
658 2753 780 2824 redditur,
799 2770 851 2806 uon
869 2771 928 2806 esse
940 2756 1034 2810 veniae

162 2866 204 2912 *A
215 2867 276 2914 tribe
287 2867 351 2922 who,
363 2865 413 2914 like
424 2866 464 2914 the
477 2865 612 2914 Cossaeans
627 2880 658 2912 on
673 2865 714 2913 the
730 2865 829 2933 Medion
839 2865 944 2922 frontier,
957 2867 1031 2914 main-

133 2924 213 2992 tained
224 2939 238 2972 a
248 2925 337 2994 certain
348 2924 534 3032 independence,
547 2925 594 2972 and
605 2923 663 2992 used
675 2933 699 2971 to
710 2939 803 2972 rscsrre
819 2939 906 2993 money
917 2924 978 2993 srom
991 2926 1032 2976 the

133 2983 403 3090 hdffmrggrffivfgi
421 2999 435 3032 e
446 2985 534 3043 lrbeny
544 2983 572 3031 oi
583 2997 680 3044 passing
691 2981 795 3043 through
806 2983 868 3031 therr
878 2994 996 3045 territory.

161 3105 170 3128 ⁸
181 3105 188 3126 ⁴
198 3099 270 3148 After
280 3100 310 3147 he
321 3100 367 3148 had
378 3079 465 3150 caused
478 3101 565 3150 timber
574 3108 600 3148 to
610 3101 640 3148 be
651 3109 691 3148 out
702 3099 774 3148 down
784 3099 821 3148 for
828 3101 927 3162 making
935 3101 1032 3150 hurdles

131 3157 178 3207 and
185 3158 287 3206 covered
294 3159 403 3207 movable
412 3159 501 3208 sbeds’
519 3159 558 3207 As
566 3169 591 3207 to
599 3159 640 3206 tlrs
649 3158 708 3208 iorm
713 3160 846 3221 sociandas
855 3159 1030 3222 sorsoeieadua‚

131 3233 172 3304 ,οἳ
181 3216 351 3328 ‘Gllrddlisltllidt
362 3275 391 3332 is,
403 3277 478 3336 mcky
488 3276 588 3336 ground)
599 3276 645 3324 and
656 3276 751 3337 (single)
761 3279 861 3326 stenes!

160 3342 169 3366 ⁵
179 3333 322 3394 Something
337 3333 380 3380 has
396 3335 468 3382 sellen
478 3344 519 3406 out
530 3335 602 3392 lrere;
620 3335 679 3383 such
690 3351 720 3384 as
727 3338 814 3397 majore
822 3353 874 3386 oum
883 3339 985 3399 petissio
996 3352 1030 3404 fe·

127 3407 393 3513 {pappprplsnplsgsgrqffl
399 3394 598 3502 ppognpsvdnrdcztlrst
609 3403 721 3444 aretrettt
726 3395 808 3444 would
815 3397 845 3443 bs
854 3394 965 3444 attended
972 3393 1041 3444 with.
