2314 3886
833 89 844 128 t

160 217 221 272 m
425 229 465 272 uu
489 229 596 272 curura
617 229 800 274 manum.

160 339 254 394 tm
275 339 376 392 talenta
396 338 533 392 constituit
555 337 678 392 daturum
696 338 863 408 Alexander3
888 347 918 392 et
941 339 1030 394 alteru
1046 355 1076 396 ex

164 409 302 462 'uvenibue
320 407 422 462 ohside¹
443 417 550 477 retento,
566 409 654 478 ipsum
673 407 707 462 ad
727 411 893 478 exequenda,
908 425 989 478 quae
1009 410 1075 464 obtu-

170 485 234 545 erat,
259 478 367 532 dimisit
415 478 522 532 Leviter
543 479 653 530 annuatis
679 477 735 530 dux
759 477 837 531 datus
862 488 906 531 est
935 479 1074 548 Mulliuun

161 547 248 600 scriba
271 548 349 616 regis.
384 547 439 600 Hos
461 547 535 600 enim
557 547 668 600 circuitu
690 549 737 616 qui
760 547 883 602 fallerent
902 547 1075 618 hostem,²iu

161 633 296 672 summum
307 617 402 687 jugum
432 616 535 671 lacebat
552 616 674 670 evadere.
710 617 789 670 Petra
806 621 865 685 nou,
879 626 909 669 ut
921 617 1074 688 pleraeque,

160 685 272 741 modicis
289 705 322 740 ac
340 633 465 740 mellihus
481 685 607 739 clivis³in
618 685 732 738 sublime
751 685 887 764 fastigium
907 689 1021 757 crescit,
1035 691 1076 740 sed

161 755 188 810 iu
204 767 294 811 metae
312 757 430 810 maxime
448 755 568 810 modum⁴
585 763 673 810 erecta
691 763 740 824 est,
752 771 828 824 cujus
845 757 900 808 ima
918 759 1076 825 spatiosiora

161 835 229 896 sunt,
249 827 342 880 altiora
361 825 389 878 in
410 826 492 878 artius
515 830 619 894 coeunt,
638 841 743 878 summa
763 826 789 878 iu
808 835 918 878 acutum
946 843 1075 880 cacumen

161 911 314 965 exsurgunt.
350 893 463 951 Radices
474 893 533 964 ejus
544 894 626 948 ludus
637 895 724 946 amnis
733 894 813 963 subit,
826 895 977 964 praealtus,
993 898 1077 948 utrim-

160 981 213 1034 que
225 967 327 1036 asperis
339 965 402 1034 ripis
413 983 420 1016 :
438 964 473 1017 ab
485 963 568 1017 altera
580 977 653 1033 parte
665 965 803 1032 voragines
820 963 997 1033 eluviesque⁵
1008 983 1076 1035 prae-

161 1044 253 1104 ruptae
277 1045 346 1088 sunt.
381 1035 440 1088 Nec
463 1033 518 1086 alia
540 1032 709 1102 expugnandi
731 1033 841 1103 patebat
863 1033 916 1101 via,
941 1051 1031 1103 quarn
1053 1045 1078 1088 ut

161 1105 330 1174 replerentur.
378 1104 423 1157 Ad
445 1119 555 1158 manum
578 1103 646 1154 silva
668 1111 732 1171 erat,
756 1119 838 1172 quam
860 1119 909 1156 rex
934 1104 977 1156 ita
1005 1105 1078 1157 caedi

160 1171 244 1242 jussit,
258 1184 286 1227 ut
298 1173 360 1226 nudi
377 1173 480 1242 stipites
495 1172 657 1242 jacerentur:
676 1173 775 1242 quippe
793 1171 860 1224 rami
878 1171 979 1226 fronde
993 1173 1078 1228 vestiti

161 1243 333 1312 impedissent
352 1242 477 1296 ferentes.
513 1243 573 1312 Ipse
591 1241 693 1311 primus
714 1251 833 1294 truncam
853 1243 984 1296 arborem
1003 1244 1079 1313 jecit;

161 1311 313 1381 clamorque
343 1313 483 1380 exercitus,
508 1311 588 1364 index
616 1311 765 1380 alacritatis,
791 1319 899 1364 secutus
929 1323 983 1382 est,
1012 1314 1079 1366 nullo

161 1380 325 1434 detrectante
336 1397 442 1448 munus,
455 1381 524 1450 quod
537 1397 584 1434 rex
595 1381 787 1450 occupavisset.

195 1453 237 1501 40.
255 1449 489 1518 lutra'septimum
505 1449 578 1504 diem
596 1466 725 1504 cavernas
747 1448 926 1518 expleverant,
948 1468 1019 1506 cum
1038 1469 1080 1504 ren

161 1517 308 1586 sagittarios
329 1527 356 1572 et
379 1519 509 1588 Agrianes
531 1519 606 1588 jubet
628 1535 675 1588 per
697 1519 781 1572 ardua
803 1518 859 1572 uiti.
900 1519 1080 1590 Juvenesque

161 1588 369 1658 promptissimos
386 1605 421 1642 ex
438 1606 485 1642 sua
502 1588 609 1642 cohorte
626 1589 697 1642 XXX
709 1588 815 1656 delegit.
851 1587 944 1640 Duces
963 1590 1011 1642 his
1030 1591 1081 1642 dati

161 1668 221 1712 sunt
233 1657 334 1712 Charus
349 1667 378 1712 et
389 1658 549 1720 Alexander,
562 1673 644 1727 quem
661 1675 708 1710 rex
719 1659 840 1727 nominis,
853 1657 922 1726 quod
944 1659 1001 1711 sibi
1022 1677 1081 1712 curu

160 1743 193 1780 ec
211 1745 353 1782 commune
374 1737 453 1795 esset,
473 1727 616 1781 admonuit.
652 1731 694 1780 Ac
714 1727 806 1797 primo,
828 1727 891 1795 quia
911 1736 973 1780 tam
995 1731 1081 1782 mani-

161 1796 258 1850 festum
277 1797 424 1866 periculum
445 1805 510 1866 erat,
531 1797 618 1866 ipsum
637 1813 729 1864 regem
748 1795 890 1850 discrimen
911 1797 1010 1850 subire
1034 1815 1082 1851 uon

160 1865 275 1935 placuit:
311 1867 359 1920 sed
388 1876 416 1920 ut
446 1868 554 1935 signum
582 1867 646 1920 tuba
674 1867 846 1932 datumest‚
875 1865 916 1917 vir
946 1868 1082 1922 audaciae

160 1945 297 2006 promptae
310 1953 452 1990 conversus
463 1935 497 1988 ad
510 1935 625 2004 corporis
641 1935 765 1988 custodes
782 1935 857 2004 sequi
876 1951 907 1987 se
923 1933 1019 2004 jubet,
1034 1937 1082 2007 pri·

160 2022 273 2074 musque
297 2005 396 2059 invadit
419 2006 446 2059 in
469 2005 582 2075 rupem.⁶
617 2007 676 2058 Nec
698 2003 796 2058 deinde
820 2003 964 2074 quisquam
987 2007 1083 2060 Mace·

160 2073 260 2126 donum
282 2075 406 2143 substitit,
431 2074 583 2143 relictisque
612 2074 767 2126 stationibus
793 2090 841 2126 sua
864 2081 962 2141 sponte
987 2093 1084 2144 regem

160 2143 347 2212 sequebantur.
382 2144 529 2196 Multorum
541 2143 701 2196 miserabilis
713 2141 761 2196 tuit
773 2159 858 2210 casus,
872 2158 940 2210 quos
954 2161 992 2196 ex
1006 2162 1084 2214 prae

160 2220 236 2280 rupta
256 2228 320 2280 rupe
339 2211 426 2281 lapsos
445 2213 532 2267 amnis
550 2213 740 2282 praeterfluens
758 2211 853 2280 hausit,
875 2212 952 2264 triete
975 2225 1085 2284 specta·

159 2280 356 2334 culum-etiam
380 2298 430 2334 non
453 2281 663 2350 periclitantibus
670 2299 678 2351 3
701 2298 764 2334 cum
784 2297 846 2334 vero
869 2280 961 2334 alieno
988 2285 1084 2353 exitio,

160 2349 223 2418 quid
242 2349 306 2418 ipsis
324 2349 473 2402 timendum
491 2349 565 2418 leret,
578 2351 790 2420 admonerentur,
803 2350 830 2402 in
849 2359 955 2404 metum
976 2355 1085 2407 miseri·

159 2417 248 2470 cordia
261 2435 343 2488 versa,
357 2435 408 2471 non
420 2419 558 2498 extinctosp
568 2420 616 2474 sed
629 2419 940 2489 semetipsosdeflebant.
976 2423 1016 2476 Et
1028 2424 1086 2494 jam

159 2504 192 2540 eo
203 2497 360 2556 perventum
373 2498 437 2557 erat,
450 2487 522 2542 unde
533 2505 591 2542 stne
602 2490 718 2558 pernicie
730 2491 780 2542 nisi
793 2490 906 2542 victores
923 2490 1021 2544 redire
1034 2511 1086 2546 non

159 2565 274 2628 possent,
287 2557 405 2625 ingentia
423 2575 487 2612 saxa
505 2558 531 2612 in
550 2559 695 2612 subeuntes
712 2558 926 2628 provolventibus
946 2559 1085 2632 barbaris,

159 2627 219 2695 quis
241 2627 355 2697 perculsi
379 2627 503 2694 instabili,
518 2635 546 2682 et
568 2627 668 2680 lubrico
687 2627 771 2696 gradu
792 2629 955 2698 praecipites
977 2634 1087 2685 recide·

159 2695 243 2749 hant.⁷
277 2698 423 2750 Evaserant
443 2706 533 2750 tamea
553 2697 708 2750 Alexander
735 2706 762 2750 et
789 2697 898 2766 Charus²
919 2714 993 2766 quos
1022 2719 1088 2756 cum

189 2811 196 2834 ¹
206 2807 276 2855 With
286 2808 371 2868 regard
382 2819 407 2855 to
418 2808 466 2856 this
477 2807 649 2864 construction,
662 2809 703 2856 see
715 2809 813 2868 Zumpt,
827 2807 840 2860 i
852 2811 904 2864 394,
918 2822 980 2860 note
992 2815 1019 2862 2.

188 2869 198 2894 ²
210 2870 216 2890 ⁴
226 2865 290 2913 'l'hat
300 2869 332 2947 by
343 2867 443 2928 making
453 2883 468 2917 a
478 2867 562 2916 circuit
573 2866 631 2927 they
640 2867 717 2928 might
729 2868 827 2916 deceive
839 2869 878 2924 (he
889 2871 1035 2922 uuuoticed
1047 2876 1089 2936 by)

160 2923 348 3032 ‘tantun

189 3039 263 3146 ‘Tlile
279 3053 349 3146 sftouc
364 3053 433 3102 meto,
445 3043 487 3094 the
502 3044 558 3106 goul
573 3044 598 3092 in
613 3061 628 3093 a
642 3059 804 3102 racc-course,
821 3045 869 3094 had
884 3045 926 3095 the
938 3047 1013 3099 lorm
1033 3052 1066 3102 ci
1077 3069 1093 3102 ι

159 3115 328 3227 ω’ἕῗῐῦἰῖἒεὶηε
344 3160 390 3228 aud
405 3159 486 3230 elestej
502 3160 594 3210 formed
609 3163 642 3222 by
653 3161 694 3210 the
710 3163 790 3211 action
805 3163 834 3211 ot‘
845 3173 929 3212 water.
964 3166 1030 3217 The
1049 3169 1092 3220 ott

159 3217 245 3266 lndran
255 3218 303 3286 hod
313 3219 401 3278 gurded
412 3219 531 3288 Mullrnus
542 3231 567 3268 to
579 3221 619 3269 the
630 3237 676 3269 one
684 3223 749 3289 peak
760 3222 788 3270 of
794 3223 836 3270 the
847 3221 915 3279 rock,
926 3229 1053 3284 opposite
1066 3241 1092 3278 to

159 3276 515 3338 thatwhrchwaeuccupredb
543 3280 742 3329 thebarbarrans.
774 3280 898 3330 Thenext
915 3282 991 3346 thing
1008 3297 1042 3336 to
1060 3291 1092 3338 be

159 3334 221 3382 done
232 3350 283 3382 was
295 3346 319 3382 to
330 3335 365 3382 till
376 3351 407 3393 up
418 3337 459 3383 the
470 3336 507 3382 cle
519 3349 548 3392 ts,
562 3337 608 3384 and
619 3337 675 3385 thus
687 3339 758 3386 reach
769 3337 810 3388 the
821 3340 890 3389 other
901 3341 978 3398 peak.

187 3397 196 3422 ⁸
209 3392 262 3440 ‘He
273 3407 369 3451 presses
380 3409 410 3440 on
420 3403 445 3440 to
455 3393 497 3440 the
508 3393 583 3442 rech!

188 3451 197 3476 ⁸
210 3449 262 3508 ‘By
273 3451 354 3498 which
365 3451 424 3512 they
435 3467 499 3498 were
515 3452 607 3508 struck,
620 3451 675 3509 and,
688 3453 751 3502 their
761 3454 835 3504 footin

160 3505 207 3553 sud
217 3507 331 3568 slippery,
344 3523 409 3558 were
419 3523 477 3558 ever
487 3508 534 3558 and
544 3525 606 3557 anon
617 3509 699 3571 falling
709 3512 782 3560 down
793 3458 943 3576 heuhlhhig.1ss
961 3475 1092 3514 mecm
