2314 3886
154 201 212 256 222
416 215 455 256 aa
479 215 586 256 araris
606 214 788 256 anaxurrmn.

153 323 247 404 coepit,
263 323 325 444 (pald
343 339 378 376 ex
394 321 462 376 Clito
479 323 621 377 audissent.
658 323 692 376 Et
707 321 757 376 illis
775 320 810 374 ad
826 319 969 374 silendum
987 320 1071 376 obsti·

154 395 241 461 natrs,¹
253 392 273 445 C
285 392 337 446 itus
348 392 476 462 paulatim
488 392 588 462 majore
601 409 665 444 voce
683 391 796 460 Philippi
815 400 874 443 acta
893 391 1030 461 bellaque
1043 390 1070 444 in

154 461 265 520 Graecia
283 471 359 530 gesta
378 471 574 531 commemorat,
591 461 680 514 omnia
697 459 878 530 praesentibus
897 461 1069 530 praeferens.

154 531 222 584 Hinc
240 531 306 584 inter
322 530 438 600 juniores
455 547 583 600 senesque
595 540 650 582 orta
662 530 793 582 contentio
806 541 861 597 est,
878 538 980 598 atrax,
997 530 1072 582 velut

153 601 284 680 patienter
295 600 403 669 audiret,
416 600 475 670 quis
492 601 575 654 Clitus
591 599 727 653 obterebat
740 598 832 650 laudes
844 597 909 667 ejus,
923 599 1071 666 ingentem

154 685 221 722 tram
249 679 412 739 conceperat.
449 669 571 722 Ceterum
595 685 656 721 oum
678 668 766 720 animo
790 666 924 719 videretur
948 669 1072 738 impera·

154 747 234 808 turus,
260 739 283 792 si
305 739 386 792 finem
410 738 562 808 procaciter²
585 747 638 790 orto
662 737 775 790 sermoni
799 736 881 789 Clitus
902 737 1070 805 imponeret,

153 807 219 866 nihil
232 825 321 862 eorum
334 807 490 876 omittente,³
501 807 588 876 magis
599 806 811 875 exasperabatur.
848 805 968 874 Jamque
983 807 1073 859 Clitus
1126 853 1127 856 ,

153 877 236 932 etiarn
253 878 454 931 Parmenionem
471 875 614 928 defendere
628 875 751 940 audebat,
765 883 791 928 et
804 873 919 944 Philippi
931 875 969 926 de
984 875 1071 928 Athe·

153 947 291 1000 aiensibus
303 947 438 999 victoriam
457 944 609 998 Thebarum
626 944 792 1014 praeferebat
809 943 921 1013 excidio,
934 961 992 996 non
1007 945 1072 998 vino

153 1016 239 1086 modo,
261 1014 308 1068 sed
328 1016 409 1068 etiarn
429 1015 511 1067 animi
532 1031 611 1084 prava
631 1013 797 1066 contentione
820 1015 987 1081 provectus.⁴
1024 1013 1071 1066 Ad
1126 1065 1127 1068 ,

153 1085 285 1154 ultimum,
299 1084 325 1136 si
338 1083 511 1152 moriendum,
525 1084 616 1153 inquit,
630 1091 670 1135 eet
682 1100 728 1152 pro
741 1091 774 1151 te,
789 1081 869 1136 Clitus
885 1091 927 1134 est
943 1083 1070 1150 primns:
1126 1095 1127 1098 ’

153 1163 180 1206 at
203 1171 273 1209 cum.
288 1153 410 1206 victoriae
434 1153 571 1205 arbitrium
594 1151 669 1220 agis,⁵
711 1151 861 1220 raecipuum
885 1149 1001 1221 ferunt,⁸
1022 1152 1072 1222 qni

153 1223 339 1290 procacissime
358 1221 439 1290 patris
462 1222 500 1273 tui
523 1221 665 1274 memoriae
687 1169 806 1272 illudunt.
843 1219 1010 1288 Sogdianam
1029 1237 1072 1274 re·

152 1293 258 1357 gionem
283 1290 348 1344 mihi
371 1290 498 1360 attribuis,
521 1291 616 1342 totiens
639 1289 773 1360 rebellem,
795 1297 821 1340 et
844 1305 895 1341 non
920 1289 1006 1342 modo
1028 1291 1069 1343 in-

153 1359 288 1428 domitam,
310 1357 357 1412 sed
381 1376 506 1428 quaene
530 1359 617 1426 subigi
639 1359 748 1428 quidem
770 1357 871 1428 possit.⁷
911 1359 1012 1412 Mittor
1033 1359 1071 1412 ad

154 1427 223 1480 feras
240 1427 345 1498 bestias,
362 1428 524 1498 praecipitia⁸
540 1428 643 1498 ingenia
659 1428 769 1480 sortitas.
806 1426 855 1479 Sed
874 1443 943 1497 quae
963 1429 1001 1480 ad
1021 1445 1070 1481 me

153 1498 283 1566 pertinent
297 1507 407 1550 transeo.
443 1497 555 1568 Philippi
575 1497 702 1550 militess
739 1497 798 1561 mis,
819 1495 924 1564 oblitus,
946 1499 1002 1548 nisi
1022 1498 1069 1551 hic

153 1566 295 1636 Atharrias,
317 1583 399 1620 senex
420 1566 536 1636 juniores
558 1584 673 1636 pugnam
697 1515 873 1618 [lgrreorantes
897 1577 1066 1637 revocasset,

152 1635 240 1688 adhuc
259 1653 306 1688 nos
327 1637 397 1690 circa
417 1636 630 1688 Halicarnassum
649 1635 774 1688 haesuros
793 1634 882 1686 fuisse.
919 1635 1067 1693 Quomodo

153 1704 231 1774 igitur
246 1705 338 1758 Asiam
356 1707 438 1758 etiam
456 1723 518 1758 cum
537 1705 593 1757 istis
610 1704 753 1774 junioribus
766 1703 921 1773 subjecisti't
957 1705 1067 1758 Verum

152 1783 200 1842 est,
217 1783 245 1826 ut
260 1775 356 1844 opinor,
374 1774 444 1854 quod
461 1766 620 1826 avunculur'n
639 1773 725 1825 tunm⁹
742 1772 767 1825 in
786 1773 860 1826 Italia
877 1771 983 1826 dixisse
1002 1789 1065 1827 oon·

153 1853 212 1912 stat,
225 1844 313 1912 ipsum
325 1844 349 1897 in
362 1861 431 1898 viros
444 1843 577 1912 incidisse,
589 1852 615 1894 te
629 1841 655 1894 in
668 1841 790 1894 feminas.

187 1919 211 1966 5,
229 1912 303 1966 Nihil
326 1931 359 1966 ex
382 1913 504 1966 omnibus
527 1910 671 1964 inconsulte
691 1926 723 1962 ac
743 1918 843 1962 temere
866 1909 944 1979 jactis
966 1929 1065 1980 regern

152 1983 239 2052 magis
269 1993 395 2052 moverat,
420 1999 501 2052 quam
530 1979 710 2034 Parmenionis
739 1997 801 2048 cnm
830 1978 927 2031 horrore
956 1983 1066 2035 mentio

152 2052 233 2104 illata.
270 2051 390 2104 Dolorem
414 2061 503 2104 tamen
527 2067 573 2104 rex
596 2049 696 2120 pressit,
718 2057 855 2100 contentus
876 2048 1011 2117 jussissell
1034 2061 1065 2103 ut

152 2119 270 2172 convivio
282 2119 431 2172 excederet.
467 2121 525 2172 Nec
543 2119 683 2188 quicquam
701 2116 772 2170 aliud
791 2116 896 2186 adjecit,
909 2134 994 2186 quam
1011 2119 1066 2170 for·

153 2189 221 2240 sitan
239 2204 309 2257 eum,
326 2189 347 2242 si
360 2188 458 2241 diutius
469 2189 572 2242 locutus
584 2187 657 2256 foret,
671 2186 886 2256 exprobraturum
904 2186 953 2238 sibi
973 2185 1065 2240 fuisse

182 2321 189 2344 ¹
204 2304 309 2370 Obstirni,
324 2315 351 2363 ‘I
362 2315 454 2364 resolve
470 2331 534 2375 upon
549 2315 704 2376 something‚‘
718 2315 776 2362 with
787 2315 828 2362 the
840 2313 956 2362 infinitiva
965 2329 998 2364 or
1009 2320 1043 2364 nd
1050 2335 1062 2374 ,·

152 2375 193 2422 the
210 2373 331 2433 participle
347 2376 477 2423 obstinatae
493 2375 513 2422 is
529 2375 553 2421 in
569 2384 631 2422 most
647 2374 756 2433 frequent
768 2389 819 2430 nse,
833 2373 857 2421 in
867 2374 908 2421 the
919 2389 995 2422 sense
1007 2375 1037 2424 of
1049 2391 1066 2426 a

152 2447 207 2482 marr
219 2434 274 2482 who
285 2433 328 2482 hus
339 2433 449 2482 resolved
459 2449 491 2482 orr
501 2433 646 2494 something.
660 2437 706 2482 and
719 2432 795 2481 sticks
807 2442 831 2480 to
842 2432 880 2482 hie
891 2433 966 2492 point.

179 2497 189 2524 ²
201 2493 244 2540 ‘Irr
256 2508 286 2540 an
297 2491 429 2552 impudent,
442 2493 559 2554 irritating
570 2491 685 2540 manner)

180 2551 289 2600 ³Namel
309 2588 315 2609 ,
331 2551 400 2600 Clito.
545 2581 546 2586 =

179 2616 188 2639 ⁴
200 2611 252 2660 ‘Im
270 2568 332 2662 elled
343 2613 375 2671 by
386 2610 424 2658 his
434 2609 537 2667 wichad,
551 2611 712 2670 quarrelsome
724 2609 884 2669 disposition!

180 2677 187 2702 ¹
200 2628 297 2719 ‘When
305 2687 352 2740 you
361 2669 416 2730 give
424 2669 550 2730 judgment
560 2685 586 2716 us
595 2679 620 2716 to
629 2669 669 2717 the
678 2669 753 2716 victor
772 2670 787 2715 .’
814 2668 834 2714 A
854 2685 892 2738 ere
902 2683 987 2718 serves
997 2671 1062 2722 with

150 2745 222 2790 marry
233 2731 397 2778 substantivas
413 2737 438 2776 to
453 2728 513 2776 form
527 2745 542 2776 a
555 2729 705 2788 paraphrase.
761 2727 791 2775 he
805 2685 930 2795 arlitrrum
945 2730 1064 2780 victoriae

149 2788 223 2856 refers
242 2799 267 2836 to
287 2789 334 2836 the
346 2787 500 2836 distribution
518 2787 545 2835 cf
562 2787 667 2836 towards
687 2786 733 2834 arrd
754 2785 921 2845 punishments
937 2786 1000 2836 after
1017 2789 1061 2838 the

149 2857 249 2895 victor.
573 2885 577 2896 ‚

177 2863 361 2968 ‘Pryaeeipnam
377 2905 442 2954 ‘that
454 2904 533 2953 which
544 2904 564 2952 is
574 2903 647 2952 taken
658 2901 709 2952 first
718 2905 734 2962 ;’
748 2903 812 2960 here,
826 2903 954 2961 therefore,
969 2905 1061 2956 ‘those

149 2963 503 3072 b⁰⁷⁸hll2llls⁰slillliiivlf
515 2963 555 3070 ἑῗὲ
567 2963 767 3072 'cllidi’sllb'
781 2961 828 3010 ⁸⁶⁰·

177 3080 295 3129 ’Literall
315 3117 321 3136 ,
337 3040 606 3142 ‘heimong,’'‘sreep,‘
624 3059 653 3128 ari
670 3057 766 3140 epithet'
776 3079 886 3148 properly¹
898 3079 994 3139 applied
1005 3091 1032 3130 to
1043 3097 1062 3133 a

147 3139 200 3197 hill,
214 3140 278 3196 &c.;
296 3097 352 3188 hera
368 3141 439 3200 giren
450 3153 475 3188 to
486 3140 527 3188 the
538 3139 632 3188 natural
647 3138 796 3199 disposition,
809 3154 921 3198 meaning
930 3138 1056 3192 therefore

149 3197 370 3248 ‘uncantrollabla’

175 3255 334 3306 ’Alexander
349 3256 377 3304 of
389 3257 566 3316 Epirus,'whe,
584 3257 608 3304 in
624 3257 665 3304 the
681 3272 738 3316 year
754 3259 795 3306 331
809 3271 831 3304 a.
840 3270 870 3311 c,
883 3255 980 3305 orossed
998 3271 1060 3308 orer

146 3377 266 3481 ”balbina
276 3432 357 3482 notice
367 3430 396 3480 of
407 3431 456 3480 this
467 3431 639 3489 construction,
652 3446 695 3480 see
708 3431 806 3492 Zumpt,
818 3431 893 3483 trac.

146 3317 197 3364 into
213 3316 285 3422 help,
298 3327 324 3364 to
334 3315 407 3364 assist
418 3316 459 3362 the
474 3315 618 3363 Tarentinas
629 3316 722 3374 against
734 3315 775 3386 the
792 3315 935 3372 Lucanicus,
949 3315 997 3364 and
1012 3317 1058 3368 fell
1126 3313 1127 3372 l
