2314 3886
165 218 227 278 m
271 255 273 260 -
432 231 471 272 aa
495 231 600 275 essars
622 231 802 275 asamar.

165 341 236 398 haud
253 357 331 394 secus
349 337 534 394 bacchantium
552 339 774 408 ululantiumque¹
787 338 894 394 fremitu
907 339 1072 408 perterritus,

165 428 244 480 quaro
257 409 279 462 si
293 409 475 478 proeliantium
487 409 586 462 clamor
598 418 668 462 esset
680 409 796 462 auditus.
834 408 940 462 Eadem
961 408 1073 462 felicitas

165 479 201 602 pior
218 479 322 532 Oceano
340 487 502 533 revertentes
519 479 678 532 temulentos
694 479 924 547 comissantesque
943 478 1016 532 inter
1033 495 1073 530 ora

200 549 277 604 stium
292 547 365 600 texit.

199 622 240 670 ³7.
259 617 326 670 Hirro
344 617 378 670 ad
398 619 540 685 regionem,
553 634 622 686 quae
642 616 759 670 Daedala
779 625 892 683 vocatur,
913 625 1072 684 perventum

165 697 212 742 est.
258 688 433 740 Deseruerant
459 685 561 740 incolae
587 685 671 754 sedes,
691 695 717 738 et
744 687 770 738 in
791 686 864 737 avios
881 684 1073 754 silvestresque

164 765 268 810 montes
287 755 468 824 confugerant.
504 756 572 824 Ergo
592 755 705 808 Acadira
722 755 820 824 transit,
840 771 930 822 aeque
952 765 1033 808 vasta
1050 764 1073 808 at

164 825 290 880 destituta
301 824 473 878 incolentium
485 823 556 894 luga.
593 825 684 894 ltaque
698 825 824 876 rationem
844 822 907 876 belli
926 825 1075 878 necessitas

164 895 283 950 mutavit.
326 895 424 948 Divisis
447 895 518 946 euim
543 894 635 963 copiis,
661 893 780 962 pluribus
802 893 882 944 simul
907 893 979 946 locis
1005 911 1074 946 mma

163 965 288 1032 ostendit,
303 965 473 1033 oppressique
500 963 544 1016 ubi
571 980 621 1016 noo
642 972 847 1034 expectaverant
866 965 986 1032 hostem,
1007 963 1074 1016 omni

163 1033 239 1088 clade
252 1033 390 1103 perdomiti
402 1042 471 1084 suut.
495 1032 669 1084 'Ptolemaeus
681 1031 808 1100 plurimas
819 1029 906 1098 urbes,
917 1031 1075 1086 Alexander

164 1104 295 1158 maximas
312 1103 397 1171 cepit:
417 1118 567 1170 rursusque,
586 1117 653 1169 quas
670 1102 847 1169 distribuerat,
866 1101 960 1168 copias
979 1102 1073 1171 junxit.

164 1171 289 1240 Superato
306 1172 402 1224 deiude
420 1170 539 1240 Choaspe
557 1171 656 1238 amne,²
667 1171 772 1222 Coenon
794 1169 821 1222 in
841 1169 985 1223 obsidione
1008 1171 1074 1226 urbis

163 1241 303 1310 opulentae
317 1241 432 1308 (Beiram
445 1239 546 1292 incolae
560 1243 665 1309 vocant)
679 1239 797 1307 reliquit:
817 1240 874 1307 ipse
891 1240 926 1292 ad
940 1240 1074 1312 Mapagas

163 1309 244 1362 venit.
288 1311 330 1362 Nu
368 1312 544 1376 rAssacauo,
568 1309 647 1378 cujus
670 1325 778 1376 regnum
802 1308 894 1375 suerat,
920 1307 1072 1370 demortuo,

163 1378 278 1446 regicuio
301 1395 331 1430 ur
352 1379 411 1446 ique
435 1390 554 1445 praeerat
578 1388 664 1430 mater
686 1377 745 1447 ejus
766 1376 897 1444 Cleophis.
933 1379 1074 1432 XXXVlll

163 1447 236 1500 milia
256 1446 375 1515 peditum
397 1447 536 1500 tuebantur
554 1447 656 1515 urbem,
670 1464 719 1498 non
741 1447 790 1498 situ
811 1447 905 1513 solum,
919 1447 971 1500 sed
994 1451 1074 1502 etiam

161 1532 240 1584 opere
252 1517 389 1570 munitam.
424 1517 494 1568 Nam
514 1533 567 1584 qna
587 1527 688 1584 spectat
708 1517 850 1582 Orientem,
864 1515 1075 1582 cingituramue

161 1585 274 1655 torrenti,
287 1586 332 1654 qui
345 1586 490 1654 praeruptis
503 1587 633 1653 utrimque
647 1587 709 1654 ripis
728 1586 831 1638 aditum
848 1584 881 1636 ad
903 1584 1006 1642 urbem
1030 1590 1073 1640 im.

160 1653 242 1724 pedit.
277 1655 319 1710 Ad
331 1653 502 1708 Occidentem
515 1666 542 1708 et
554 1672 570 1706 a
583 1655 697 1708 Meridie
710 1655 782 1707 velut
794 1654 828 1705 de
842 1653 975 1708 industria
997 1675 1075 1726 rupes

160 1724 289 1792 praealtae
306 1723 433 1778 admolita
452 1734 543 1776 natura
562 1725 622 1789 est,³
633 1725 701 1776 iul'ra
720 1741 787 1792 quas
805 1739 934 1774 cavernae
957 1734 988 1777 et
1003 1743 1074 1778 vora·

159 1793 240 1860 ginee
252 1793 329 1862 longa
341 1801 472 1846 vetustate
490 1794 515 1846 in
533 1793 616 1846 altum
636 1804 746 1846 cavatae
762 1792 859 1862 jacent,
872 1809 986 1860 quaque
1006 1796 1074 1848 desi·

159 1872 232 1930 sunt,
257 1862 328 1916 losse
357 1862 470 1930 ingentis
497 1863 585 1930 operis
614 1863 719 1931 objecta
746 1872 795 1914 est.
830 1862 925 1914 XXXV
950 1865 1073 1918 stadium

159 1948 251 1986 murus
272 1932 364 1986 urbem
386 1931 578 2001 complectitur,
597 1930 674 2000 cujus
696 1932 817 1984 inleriora
841 1947 911 1999 saxo,
931 1936 1073 2003 superiora

158 2001 238 2054 orudo
263 2001 346 2054 latere
369 2010 431 2054 sunt
454 2009 560 2054 structa.
596 2001 683 2056 Lateri
709 1999 843 2053 vinculum
867 1999 978 2068 lapides
1003 2015 1073 2072 sunt,

158 2085 225 2138 quus
247 2071 481 2140 interposuerant
504 2071 599 2122 duriori
620 2071 747 2122 materiae
772 2070 870 2138 fragilis
886 2069 1073 2142 incumberet,

158 2139 291 2207 simulque
315 2148 383 2191 terra
405 2137 516 2192 humore
539 2139 642 2192 diluta.⁴
676 2141 718 2192 Ne
742 2148 832 2194 temen
856 2139 986 2192 universa
1012 2159 1072 2196 coa·

157 2207 263 2276 sideret,
277 2207 413 2276 impositae
426 2218 499 2260 erant
512 2209 601 2262 trahes
613 2208 715 2262 validae
728 2209 824 2276 quihus
836 2207 932 2276 injecta
945 2209 1074 2264 tabulata

157 2292 246 2329 muros
263 2284 289 2328 et
307 2275 440 2344 tegebant,
459 2287 486 2330 et
522 2279 608 2330 ervios
626 2279 765 2332 lecerunt.⁵
800 2277 873 2330 Haeo
897 2279 1073 2334 munimenta

156 2343 379 2413 contemplantem
396 2345 481 2398 Alexa
521 2363 586 2416 rum,
605 2347 759 2415 consiliique
778 2347 916 2416 incertum,
928 2348 1001 2415 quia
1021 2367 1073 2404 nco

155 2429 283 2466 careraas
306 2413 355 2466 nisi
375 2430 474 2480 aggere
498 2423 598 2482 poterat
621 2416 731 2484 implere
758 2434 808 2470 nec
833 2425 967 2470 tormenta
992 2419 1073 2472 aliter

154 2482 238 2540 muris
259 2483 408 2550 admovere,
452 2482 542 2536 uidam
565 2502 580 2536 e
604 2502 677 2538 nruro
700 2485 796 2552 sagitta
819 2485 958 2554 percussit.
999 2489 1071 2542 Tum

155 2551 220 2606 forte
233 2552 259 2604 io
271 2569 361 2630 suram
379 2499 467 2604 incidit
487 2553 584 2606 telum:
604 2554 679 2609 eu'us
696 2554 796 2622 spiculo
815 2555 911 2623 evolso,
924 2556 1072 2612 admoveri

154 2637 253 2690 equum
270 2622 345 2692 Jussit
353 2638 360 2689 ;
379 2639 431 2692 quo
443 2631 543 2692 rectus,
557 2641 590 2675 ne
602 2623 636 2675 ob
649 2625 717 2690 igato
735 2623 845 2694 quidem
857 2623 980 2692 vulnere,
994 2628 1071 2680 haud

154 2691 261 2758 segnius
272 2691 404 2748 destinata
416 2691 604 2760 exequebatur.
640 2693 764 2746 Ceterum
782 2709 843 2746 cum
861 2710 922 2746 crus
938 2697 1069 2750 saucium

183 2811 189 2834 ¹
202 2805 275 2859 Ululc
286 2809 332 2858 and
343 2807 369 2858 Io
380 2809 466 2859 Bocclu
476 2827 539 2858 were
553 2811 593 2858 the
605 2815 674 2862 usual
690 2816 751 2864 eries
767 2815 795 2864 os
806 2816 875 2864 those
891 2817 1029 2879 employed
1046 2822 1072 2870 in

153 2863 300 2928 celebrating
311 2885 324 2916 a
334 2867 430 2916 festival
440 2870 464 2916 in
476 2869 568 2917 honour
579 2871 607 2918 of
619 2870 737 2922 Bacchus.

184 2922 317 2974 'Believed
334 2938 359 2974 to
378 2927 408 2974 be
425 2927 466 2974 tho
486 2929 584 2976 modern
603 2929 707 2990 Kameh,
727 2933 806 2984 which
828 2935 888 2983 rises
909 2950 1003 2998 among
1027 2939 1071 2990 the

152 2981 265 3030 northern
277 2987 422 3040 monatarius,
435 2987 481 3034 and
492 2987 547 3035 falls
559 2989 609 3036 into
620 2990 660 3038 the
674 2991 752 3040 Cabul
764 2993 795 3048 (C
821 2997 883 3050 lien).

176 3045 204 3109 ξ·
215 3039 309 3092 Nature
325 3043 377 3112 has,
396 3061 422 3092 as
436 3045 459 3092 if
476 3045 642 3108 irrtentionolly
658 3049 702 3104 (sor
718 3052 758 3099 the
775 3052 804 3101 de
815 3069 874 3102 ence
891 3053 920 3102 cf
931 3053 975 3103 the
992 3057 1068 3118 city),

150 3099 230 3148 raised
241 3115 272 3158 up
283 3117 341 3162 very
352 3101 410 3163 high
422 3103 510 3152 rocks)
889 3137 891 3142 ·

180 3158 251 3228 4ῷιιτ
266 3160 353 3228 author
368 3177 425 3208 uses
441 3163 482 3210 the
494 3165 559 3212 word
573 3165 674 3222 ‘earth'
692 3177 764 3226 terra,
782 3170 806 3218 in
824 3169 936 3231 general;
955 3174 1002 3222 but
1022 3177 1069 3224 the

150 3217 279 3276 particular
290 3217 347 3266 lund
358 3235 408 3266 was
419 3221 482 3280 clay,
497 3222 569 3276 loam.
583 3227 671 3286 arguta
682 3229 762 3282 limus.

180 3281 268 3339 ¹Upon
283 3281 410 3350 thestone
424 3285 482 3331 wall
493 3301 557 3335 were
575 3289 620 3356 laid
639 3299 705 3338 atron
739 3293 833 3350 bearna.
845 3294 893 3342 aad
910 3308 942 3343 oa
959 3297 1035 3347 these
1053 3315 1070 3350 a

150 3340 251 3387 wooden
261 3349 368 3387 erectron
380 3355 430 3388 was
446 3344 525 3400 made,
539 3347 618 3394 whrch
634 3307 723 3397 sarred
730 3351 791 3399 both
801 3368 829 3400 es
839 3369 854 3400 a
863 3363 913 3402 sort
925 3355 955 3404 of
966 3359 1027 3407 roal
1040 3369 1069 3410 ao

149 3395 190 3443 tlte
199 3397 254 3462 well
265 3397 312 3445 sod
322 3413 348 3446 as
359 3414 374 3445 a
384 3414 468 3446 meatus
476 3401 503 3448 of
509 3404 719 3456 communication.
742 3407 814 3460 Muri
820 3414 899 3474 persii
908 3424 968 3464 aaut
989 3417 1070 3468 when

149 3467 164 3500 a
173 3465 260 3512 person
270 3471 315 3504 ean
325 3471 356 3516 go
367 3455 428 3504 from
438 3473 483 3506 one
493 3471 545 3518 part
556 3470 582 3509 to
592 3463 700 3514 another.
971 3449 978 3476 ⁸
