2264 3880
416 238 457 281 D}
479 237 585 282 (mm
605 237 790 283 AUUNDRI.

152 355 270 404 inemo
292 361 351 402 rem
372 363 433 402 esse
455 363 519 404 cnm
538 345 651 416 civibus
671 347 770 418 quibus
787 363 869 418 spem
888 349 999 416 gratiae
1016 349 1062 404 cito

152 417 310 486 abrumpere
322 415 357 470 ed
369 416 471 472 beilum
482 417 561 471 civile
573 417 769 487 properantium
783 419 844 472 est.¹
881 417 982 474 Altera
999 418 1062 488 lega·

152 487 270 543 tionem
280 485 320 544 mi
374 485 514 556 tipossiut,
523 486 707 556 experiamur3
719 495 746 540 et
758 487 847 558 credo,
857 487 987 542 nondum
1000 491 1061 557 regii

64 620 85 656 ἴ
152 494 600 684 ὃθτξὲτξάιορὲᾖὲζιᾰῐρτὲἓὲωηάἷ
614 553 651 634 ei,
657 555 737 636 justa}
754 573 853 678 ornnesl
863 573 931 610 esse
943 559 1060 622 coituros.

151 640 214 746 odie
224 641 331 750 cisinuihe
336 633 479 775 griffi&
489 703 518 775 et
525 640 637 749 esienuloid
643 642 1060 777 ffifflssffiag'ffeffl

151 777 314 886 accesuque,
332 763 429 844 eligite·
441 775 579 844 potiorem.
614 761 719 843 Obortis
738 765 835 820 deinde
856 764 993 835 lacrimis,
1014 767 1059 820 dia·

170 832 358 892 emanarant
370 841 460 904 capiti,
473 833 603 902 dextram,
612 847 667 902 qua
678 834 705 886 id
717 834 824 888 tenebat
846 835 1026 906 protendens,
1038 847 1061 890 ut

151 900 247 971 siquis
259 919 288 956 se
300 901 445 971 digniorem
457 904 629 1024 profitereturl,
642 904 785 974 acciperet.
821 874 972 972 ingentem
991 923 1061 974 spem

151 970 253 1040 indolis,
266 979 328 1028 ente
340 987 404 1024 euin
416 971 489 1027 diem
500 973 589 1027 fratris
599 989 615 1025 o
625 972 718 1028 aritate
733 989 914 1044 suppressam,
928 991 965 1028 ea
976 975 1061 1028 mode

151 1048 207 1094 rata
224 1042 350 1094 excitavit
369 1041 459 1096 oratio.
495 1041 588 1112 ltaque
612 1043 701 1096 cuncti
724 1042 822 1098 instare
845 1053 1010 1114 coeperunt,
1031 1054 1060 1113 nt,

150 1125 219 1178 quse
267 1112 365 1180 'maen
377 1111 474 1191 exequi
485 1110 575 1166 vellet.
607 1111 724 1166 Eosdem
737 1127 824 1164 rursus
836 1110 912 1180 legat
925 1114 1060 1182 petituros

150 1185 180 1232 ut
198 1126 368 1249 Mzi'eagium
388 1187 495 1234 tertium
512 1179 610 1234 ducem
630 1181 800 1252 acciperent.³
833 1179 916 1237 Haud
936 1199 1023 1250 aegre
1039 1183 1061 1236 id

150 1245 322 1317 impetratum
339 1257 388 1302 est.
423 1248 495 1304 Nam
512 1258 539 1304 et
554 1247 691 1304 ebducere
708 1249 880 1318 Meleagrum
897 1251 1062 1312 Perdiccan

150 1333 213 1386 rege
224 1317 350 1386 cupiebat
370 1325 398 1372 et
409 1333 494 1374 unum
505 1319 609 1374 duobus
620 1318 750 1389 imparem
762 1318 880 1372 futurum
894 1337 961 1374 esse
975 1339 1062 1376 sense

150 1384 211 1466 bat·
234 1355 533 1455 Igiturhieleegrocum
542 1387 675 1458 phalange
686 1388 791 1442 obuiam
804 1405 924 1458 egresso,
934 1391 1061 1447 Perdices

150 1464 271 1524 equitum
300 1463 402 1510 tunnas
430 1457 593 1514 antecedens
621 1458 741 1512 occurrit.
776 1457 931 1528 Utrumque
956 1477 1060 1529 agmen,

150 1533 244 1580 mutua
256 1523 412 1580 saluatione
430 1524 509 1596 facta,
522 1527 583 1598 coit,
596 1527 624 1582 iu
635 1536 801 1598 perpetuum,
814 1536 844 1580 ut
855 1529 1063 1598 arbitrabantur,

150 1593 290 1648 concordie
299 1604 329 1654 ¹et
339 1612 407 1666 pace
419 1593 531 1651 mutata.

186 1669 228 1718 28.
246 1663 298 1718 Sed
316 1665 373 1736 jem
392 1664 458 1720 istie
472 1663 682 1722 admovebantur
696 1663 878 1720 Macedonum
896 1669 978 1736 genti
997 1668 1063 1722 belli

149 1733 248 1788 civilia.
283 1735 356 1789 Nam
373 1743 400 1788 et
418 1733 573 1788 insociabile
589 1744 763 1805 astragum,
776 1743 832 1788 eta
844 1735 973 1804 pluribus
987 1755 1062 1808 expe

150 1802 263 1860 tebstur.
300 1805 419 1860 Primum
430 1821 493 1872 ergo
505 1804 636 1874 collegere
648 1803 850 1867 virestdsinde
862 1803 1062 1875 disperserunt:

151 1879 178 1925 et
197 1889 262 1926 cum
278 1873 400 1943 pluribus
416 1890 519 1944 corpus,
537 1891 620 1943 quam
637 1891 669 1926 ca
689 1873 767 1943 iebat,
785 1884 953 1945 onerassent,
976 1887 1064 1929 cetera

150 1943 272 1996 membra
294 1943 410 1998 deiiceie
433 1952 592 2013 coeperunt:
617 1960 653 2013 qu
688 1941 910 2012 quaimperiurn
935 1945 993 2003 sub
1017 1961 1063 2000 nno

150 2023 220 2064 stare
244 2013 380 2082 potuisset,
400 2012 466 2066 dum
488 2029 506 2066 a
546 2011 648 2067 laribus
671 2013 822 2082 sustinetur,
847 2012 909 2067 ruit.
950 2013 1065 2068 Proinde

149 2079 207 2150 jire
227 2081 375 2152 meritoque
394 2081 507 2154 populus
570 2099 665 2136 manns
684 2080 798 2134 salutern
810 2097 848 2152 se
868 2083 1065 2152 principiano⁵

150 2149 249 2204 debere
261 2151 404 2222 profitetur,
417 2151 464 2222 qui
481 2151 574 2221 noctis,
607 2169 683 2206 uam¹
722 2167 774 2204 ene
792 2167 950 2220 supremam
973 2152 1065 2208 hahni-

150 2235 218 2284 inus,
237 2235 335 2274 novum
352 2221 427 2276 udus
443 2219 549 2276 illuxitt
614 2219 675 2290 ujus
728 2218 810 2289 reule,
827 2235 880 2274 non
900 2219 969 2274 solis
986 2233 1066 2290 nitus,

150 2287 240 2342 lucem
262 2288 388 2358 caliganti
411 2289 526 2344 reddidit
547 2290 656 2360 mundo,
674 2306 737 2342 cum
757 2289 814 2342 siue
834 2305 882 2342 suo
902 2293 999 2360 capite
1018 2292 1067 2346 dis

150 2355 240 2412 cordia
258 2357 380 2412 membra
399 2359 569 2428 trepidarent.
604 2359 672 2418 Quot
693 2358 738 2412 ille
757 2367 814 2412 tum
832 2357 952 2413 extinxit
973 2361 1066 2414 taces!

150 2435 214 2496 quot
231 2426 347 2480 condidit
359 2426 477 2496 gladios!
502 2435 630 2497 quantam
647 2435 835 2502 tempestatem
853 2427 946 2482 subita
969 2431 1067 2486 sereni-

151 2503 205 2550 tate
222 2495 362 2550 disnussit!
399 2497 460 2552 Non
476 2513 539 2566 ergo
556 2497 691 2551 revirescit
709 2497 804 2566 solum5
815 2497 864 2550 sed
881 2497 975 2552 etiam
993 2500 1068 2554 floret

179 2633 891 2766 23illiniti‚dilituittulttutttthttn
907 2691 1033 2752 tinini,
1050 2697 1068 2744 a

151 2753 211 2800 used
227 2751 358 2835 especially
368 2752 396 2802 of
402 2762 473 2814 justo
483 2753 607 2814 sanabria,
623 2753 679 2801 ‘the
694 2766 842 2825 ceremonias
857 2763 1007 2816 customary
1018 2764 1069 2803 ata

151 2810 301 2938 fm'leltrglsides
312 2869 441 2940 Perdiccas
451 2869 499 2919 end
509 2869 658 2927 Leonnatus,
671 2869 727 2919 who
742 2869 790 2918 hod
800 2870 862 2918 been
873 2873 1028 2932 recognised
1039 2874 1069 2932 hy

150 2928 193 2978 the
205 2927 304 2990 knights
315 2945 342 2978 es
429 2945 481 2998 iens
491 2929 520 2979 oi
530 2929 572 2978 the
583 2929 702 2990 expected
712 2945 758 2998 sou
767 2929 795 2976 of
807 2928 963 2980 Alexander.
1030 2991 1036 3000 ¹
1049 2991 1054 2999 1

179 2986 272 3048 ‘They
282 2988 346 3043 (the
373 2987 524 3044 acedoniaiis)
540 2988 734 3050 getheredtheiu
747 2987 861 3048 strength
877 2989 969 3044 (under
987 2989 1070 3050 Philip

151 3047 197 3096 and
209 3046 372 3096 Alexander’s
383 3055 557 3109 government).

156 3137 159 3145 ·
180 3106 330 3168 ''Augustus
344 3107 364 3156 is
375 3106 432 3157 here
443 3107 541 3156 eliuded
550 3115 585 3164 to,
597 3106 634 3156 sor
644 3105 675 3154 he
686 3122 737 3156 was
747 3105 789 3154 the
799 3105 852 3154 first
864 3106 890 3156 in
901 3107 1007 3158 Roman
1018 3108 1068 3158 his·

150 3174 204 3226 tory
215 3173 242 3215 to
251 3164 334 3215 whom
344 3165 385 3214 the
396 3166 543 3236 honourablo
554 3165 607 3214 title
619 3165 647 3214 of
654 3165 769 3235 Priiwepr
780 3181 831 3214 was
842 3166 918 3226 given
928 3167 970 3216 ior
981 3168 1036 3218 itte.

167 3229 188 3295 ,⁸
198 3225 224 3274 A
234 3223 363 3294 figurative
370 3239 524 3294 erpressionz
540 3225 584 3274 ‘he
594 3239 648 3274 rose
659 3225 809 3298 beamingas
820 3240 834 3272 a
845 3241 902 3306 new
913 3235 967 3275 star
979 3227 1009 3276 oi
1016 3227 1069 3276 that

150 3281 457 3408 tnlt0t¹ttltttt¹¹tt’
463 3283 1070 3411 litiishtttitttthitalittti‘t

151 3396 193 3448 tho
203 3397 389 3452 establishment
399 3397 427 3448 oi
438 3398 480 3448 the
490 3411 646 3462 sovsraignty
656 3399 685 3450 of
696 3402 834 3462 Augustus.
