2264 3880
456 251 547 308 ursan
567 251 609 292 rx.
925 237 985 296 m

70 359 208 429 sanguinis
220 359 367 428 imitante,¹
379 361 481 414 remisit
494 371 569 414 arma
580 359 736 416 moribundo
748 361 850 432 similis,
863 362 986 433 adecqm

70 431 210 498 resolutus,
225 439 253 484 ut
272 447 306 484 ne
324 429 358 482 ad
371 429 525 482 vellendum
543 431 654 499 quidem
671 431 755 484 telum
774 431 908 485 sufficeret
921 433 984 486 dex·

68 501 149 554 tera.¹
182 501 275 569 ltaque
287 499 322 552 ad
335 499 523 569 expoliandum
533 515 635 569 corpus,
646 500 692 570 qui
703 500 885 554 vulneraverat
896 502 986 556 alacer

67 570 167 638 gaudio
178 569 299 622 accurrit.
336 568 423 627 Quem
442 578 471 621 ut
489 569 597 639 injicere
610 571 710 640 corpori
725 586 773 622 suo
786 587 881 623 manus
893 573 982 642 sensit,

69 640 157 708 credo,
171 639 258 692 ultimi
271 637 411 691 dedecoris
429 638 583 706 indignitate
596 647 752 709 commotus,
765 639 931 709 linquentem
945 657 984 694 re-

68 709 176 762 vocavit
193 708 334 774 animum,⁸
351 715 378 760 et
396 708 508 760 nudum⁴
528 709 611 761 hostis
630 708 700 762 latus
718 708 839 777 subjecto
858 726 984 764 mucrone

68 777 180 832 bausit.⁵
204 778 334 832 iacebant
347 777 418 828 circa
430 794 520 846 regern
534 779 582 830 tria
591 795 706 848 corpora,
716 778 806 848 procul
816 780 984 848 stupentibus

68 848 181 900 ceteris:
201 847 246 900 ille
260 856 295 916 ut,
308 856 451 916 antequam
465 848 574 900 ultimus
586 848 692 918 spiritns
703 848 838 916 deficeret,
852 849 984 904 dimicans

66 915 124 985 jam
138 917 342 985 extingueretur,
353 916 440 984 clipeo
452 933 481 968 se
493 917 609 969 allevare
621 930 732 971 conatus
742 926 792 986 est,
803 927 829 970 et
842 927 983 987 postquam

66 986 101 1038 ad
114 987 306 1040 connitendum
326 984 392 1038 nihil
411 995 547 1054 supererat
558 987 662 1056 virium,
675 989 785 1040 dextera
797 987 984 1057 impendentes

66 1071 157 1110 ramos
176 1056 331 1126 complexus
350 1055 498 1125 temptabat
516 1072 662 1124 assurgere.
699 1056 751 1110 Sed
770 1073 803 1109 ne
822 1057 982 1125 sicquidem

66 1133 164 1246 potens
175 1125 298 1195 corporis,
313 1141 402 1178 rursus
420 1126 446 1177 in
464 1137 552 1192 genua
569 1126 726 1197 procumbit,
739 1143 821 1179 manu
836 1142 983 1196 provocans

86 1203 166 1264 cates,
180 1195 203 1246 si
215 1195 275 1264 quis
287 1194 412 1263 congredi
424 1197 543 1247 auderet.

102 1269 145 1317 21.
164 1264 286 1318 Tandem
307 1264 463 1317 Peucestes
482 1281 528 1333 per
548 1263 629 1318 aliam
649 1263 739 1335 oppidi
759 1273 871 1336 partem,
893 1263 981 1319 detur·

65 1332 139 1386 batis
156 1334 398 1404 propugnatoribus,
415 1333 484 1386 muri
497 1334 609 1402 vestigia
627 1336 801 1404 persequens⁷
819 1336 875 1403 regi
892 1351 981 1406 super·

6 1465 7 1474 ,
65 1404 150 1455 venit.
186 1403 244 1462 Quo
265 1411 409 1472 conspecto
427 1403 586 1471 Alexander,
605 1403 661 1474 jani
680 1421 731 1456 non
750 1404 820 1458 viras
838 1421 912 1472 suae,
931 1405 986 1458 sed-

6 1475 7 1478 ’
64 1473 160 1526 mortis
178 1472 302 1526 solatium
321 1489 352 1525 su
391 1473 507 1524 rvenisse
525 1482 603 1542 ratus,
623 1474 709 1544 clipeo
727 1473 867 1541 fatigatum
885 1489 981 1543 corpus

64 1543 181 1612 excepit.
218 1541 292 1596 Subit
318 1543 381 1594 ine
407 1542 541 1609 Timaeus,
567 1550 593 1594 et
623 1543 703 1611 paulo
732 1552 789 1612 post
819 1542 978 1613 Leonnatus,

6 1623 7 1638 ³
64 1611 128 1664 huic
146 1613 285 1666 Aristonus
303 1611 463 1681 supervenit.
499 1611 557 1664 Indi
576 1627 690 1680 quoque,
707 1627 770 1663 cum
788 1610 856 1664 intra
873 1613 981 1664 moenia

6 1685 7 1688 ’
63 1697 156 1750 regern
175 1699 236 1734 esse
254 1681 453 1751 comperissent,
467 1680 573 1732 omissis
584 1681 689 1750 ceteris,
703 1680 766 1732 illuc
784 1689 979 1749 concurrerunt,

6 1751 7 1782 ³
62 1751 246 1820 urgebantque
258 1759 435 1820 protegentes.
463 1749 504 1802 Ex
513 1749 609 1819 quibus
620 1749 755 1820 Timaeus,
766 1749 857 1803 multis
868 1749 980 1803 adverso

6 1821 8 1852 ²
62 1836 171 1889 corpore
184 1820 338 1873 vulneribus
349 1816 475 1888 acceptis,
489 1817 648 1888 egregiaque
667 1819 739 1872 edita
756 1835 853 1888 pugna,
866 1819 980 1888 cecidit,

6 1887 8 1922 ³
62 1889 210 1942 Peucestes
219 1905 324 1958 quoque
337 1887 421 1940 tribus
430 1886 528 1957 jaculis
536 1887 674 1942 confossus
685 1905 737 1942 non
749 1905 779 1940 se
791 1896 883 1941 tamen
895 1897 978 1958 scuto,

6 1959 7 1970 ¹
64 1956 114 2009 sed
131 1974 223 2025 regem
242 1957 379 2026 tuebatur,
398 1957 556 2027 Leonnatus,
569 1957 633 2010 dum
645 1958 723 2011 avide
735 1965 843 2010 ruentes
855 1958 981 2011 barbaros

6 2029 7 2032 ’
64 2036 224 2096 summovet,
243 2027 348 2090 cervice
368 2025 483 2095 graviter
501 2027 553 2079 icta
573 2027 737 2080 semianimis
756 2026 895 2148 procubuit
917 2036 979 2080 ante

65 2095 136 2163 regis
158 2097 251 2164 pedes.
286 2095 348 2150 lam
367 2105 395 2148 et
419 2096 565 2148 Peucestes
584 2096 738 2150 vulneribus
768 2097 885 2164 atigetue
908 2114 978 2150 sum-

63 2165 174 2218 miserat
194 2165 338 2234 clipeumr⁸
357 2165 384 2218 in
402 2165 526 2220 Aristono
551 2181 613 2235 spes
638 2165 732 2218 ultima
754 2163 891 2220 haerebat.
928 2166 979 2220 Hic

64 2249 171 2302 quoque
188 2235 303 2304 graviter
314 2235 421 2288 saucius
438 2243 540 2288 tantam
552 2235 609 2287 vim
626 2235 741 2290 hostium
754 2235 834 2288 ultra⁹
845 2236 977 2288 sustinere

6 2313 7 2320 ¹
65 2318 118 2355 non
136 2313 246 2372 poterat.
282 2303 478 2358 interbaecad
491 2304 979 2373 Macedonasregemoecidissesama

6 2381 7 2386 ’
64 2372 167 2440 perlata
184 2382 232 2426 est.
269 2373 418 2426 Terruisset
435 2373 509 2443 alios,
522 2373 592 2442 quod
611 2373 670 2427 illos
688 2373 815 2427 incitavit.
851 2374 978 2445 Namque

6 2453 7 2482 1
64 2442 173 2511 periculi
196 2442 284 2496 omnis
307 2442 479 2496 immemores
498 2443 614 2498 dolabris
637 2441 789 2514 perfregere
814 2461 927 2513 murum,
950 2453 978 2496 et

6 2521 7 2546 ἢ
65 2527 117 2580 qua
128 2512 211 2566 moliti
223 2521 297 2566 erant
314 2511 426 2580 aditum,
440 2511 555 2580 irrupere
574 2514 600 2567 in
619 2513 723 2582 urbem,
737 2513 870 2582 Indosque
888 2514 977 2582 plures

6 2613 7 2624 .
64 2581 204 2649 fugientes,
222 2599 304 2651 quarn
323 2598 372 2634 con
405 2579 450 2634 edi
473 2597 558 2650 ausos,
579 2582 743 2638 oeciderunt.
779 2583 839 2636 Nou
860 2583 976 2650 senibus,

64 2667 116 2703 non
139 2649 253 2722 lerninis,
275 2667 327 2704 non
350 2649 497 2703 mantibus
519 2651 649 2719 parcitur:
675 2650 797 2722 quisquis
819 2659 976 2719 occurrerat,

108 2752 130 2756 .,-
158 2747 795 2758 ..Q-

6 2819 7 2826 i
92 2803 102 2885 l
113 2795 333 2904 :gibsiinitoiriirid
345 2853 392 2902 ba'd
403 2863 444 2901 not
455 2867 537 2913 power
547 2867 608 2902 eren
619 2863 644 2902 tc
655 2853 772 2903 beudtbe
783 2856 839 2901 bow
850 2853 972 2916 slightly‚‘

6 2935 7 2962 r
66 2914 99 2963 sar
110 2914 158 2964 leae
169 2925 194 2963 to
204 2871 271 2962 <iren
282 2915 300 2962 it
311 2924 337 2961 to
348 2914 380 2984 its
390 2913 434 2961 sull
442 2921 529 2982 ¹extent
540 2915 660 2969 (euellere).
747 2972 752 2982 Ι

93 2977 102 3002 ¹
113 2973 166 3022 ‘He
177 2973 282 3022 recalled
293 2972 335 3042 the
346 2973 387 3022 lise
398 2971 479 3020 which
491 2987 542 3020 rrae
553 2972 650 3033 already
660 2971 690 3021 de
709 2973 804 3042 artingss

93 3037 101 3060 ⁴
113 3037 119 3117 ἶ
129 3031 217 3100 blaked
227 3031 243 3088 ;’
256 3031 349 3102 thetis,
362 3031 520 3119 upprotected
532 3033 565 3138 hp
575 3041 680 3138 escort-c
692 3031 768 3101 rnatl.
837 3091 851 3139 h
896 3099 904 3140 t

6 3189 7 3204 ,
91 3089 623 3206 ⁸.l'iiirecrecsetistieligoliiriit’usnibiiiisrlliigtuiiust¹
633 3101 834 3212 iiiiiieviii‘rrogriidmtot
845 3106 972 3200 tilliess'even

65 3207 415 3347 sapppppsspprip'pltplpefgrgpg',
427 3267 562 3325 thews113'
575 3267 627 3316 thet
638 3268 668 3326 is,
683 3269 771 3331 ‘going
781 3267 854 3330 along
863 3270 905 3322 tlte
917 3271 970 3318 bot·

65 3338 128 3494 1:23⁰
122 3325 188 3494 {iil
193 3383 274 3506 {pippis
285 3383 363 3434 sbiald
374 3385 446 3434 sinlrss
478 3386 508 3434 ln
519 3385 588 3436 order
598 3395 624 3435 to
634 3395 726 3446 protect
743 3387 784 3436 the
801 3387 868 3448 king,
880 3387 912 3436 he
923 3385 971 3437 bad

90 3505 228 3566 ’‘Longer,
241 3503 349 3554 further)
