2314 3886
142 279 199 330 238
409 293 448 334 aa
470 293 575 334 cusiis
597 293 780 334 sisuinnai.

141 401 337 454 consolaridam¹
360 403 513 471 patientiam
537 403 685 472 verberum,
705 421 738 456 ao
762 401 796 454 ad
820 399 992 453 incitandum
1019 399 1060 468 ju·

141 487 238 522 venum
250 469 366 524 dolorem
378 472 480 525 dicturn
492 483 571 542 esset,
586 475 609 524 in
622 472 747 540 ambiguo
759 471 849 524 fuisse.
886 470 956 538 Rex,
970 470 1060 521 animi

140 539 307 608 corporisque
320 557 410 610 sopore
422 542 548 609 discusso,
561 559 622 595 cum
636 543 701 594 tanti
712 540 830 611 periculi,
844 555 895 608 quo
907 539 1062 600 evaserat,²

141 609 228 674 imago
246 609 329 662 oculis
346 611 486 678 oberraret,
501 611 680 680 Eurylochum
699 611 720 662 L
739 609 845 663 talentis
861 617 888 660 et
905 607 1059 675 cujusdam

140 677 272 744 Tyridatis
291 677 423 748 opulentis
445 679 521 733 bouis
540 681 657 750 protinus
676 679 762 749 donat,
784 679 957 745 fratremque,
980 687 1060 729 ante·

141 761 220 814 quarn
244 764 289 817 pro
310 749 393 801 salute
414 748 472 818 ejus
510 758 647 816 recaretur,
670 751 790 802 restituit.
826 747 940 800 Sceleris
960 758 1060 798 autem

140 825 268 885 auctores,
282 818 403 886 interque
421 835 467 869 eos
485 767 672 887 Hallisthenen,
692 819 792 871 vinctos
810 815 941 870 asservari
959 815 1060 884 jubet:

139 885 235 954 quibus
247 887 272 939 in
287 888 386 954 regiam
398 887 528 958 adductis,
542 896 594 940 toto
606 887 650 940 die
664 897 689 940 et
703 898 779 940 nocte
792 886 917 956 proxima,
933 902 1014 937 niero
1028 902 1060 936 ae

140 955 237 1022 vigiliis
248 957 343 1024 gravis,
357 956 498 1025 acquievit.
938 1023 944 1034 ,

175 1029 215 1076 24.
235 1024 341 1078 Postero
354 1035 444 1078 autern
462 1024 587 1095 frequens
604 1026 741 1078 consilium
759 1023 887 1092 adhibuit,
901 1040 945 1074 cui
962 1033 1060 1092 patres

140 1094 331 1163 propinquique
351 1111 451 1163 eorum,
472 1095 506 1147 de
525 1095 622 1164 quibus
641 1095 776 1163 agebatur,
796 1095 946 1159 intererant,
965 1111 1002 1144 ne
1023 1094 1059 1144 de

141 1180 187 1214 sue
208 1163 316 1231 quidem
336 1164 420 1216 salute
440 1163 541 1216 securi:
563 1165 658 1234 quippe
679 1163 856 1216 Macedonum
875 1178 949 1214 more
967 1163 1059 1240 perire

140 1231 281 1299 debebant,
306 1235 425 1286 omnium
449 1231 552 1285 devotis
575 1234 715 1301 capitibus
740 1234 784 1302 qui
810 1233 940 1310 sangnine
969 1241 1059 1282 conti-

139 1301 240 1377 gissent
257 1302 323 1367 eos,⁸
357 1301 413 1354 Reii
432 1301 560 1354 introduci
578 1304 727 1372 conjuratos
744 1315 847 1370 praeter
865 1300 1057 1352 Callisthenen

139 1368 231 1437 jussit:
244 1377 324 1448 atque
337 1387 405 1438 quae
417 1372 589 1440 agitaverant,
601 1372 658 1424 sine
671 1373 837 1424 cunctatione
850 1369 967 1422 confessi
984 1381 1060 1422 sunt.

142 1439 341 1504 Increpantibus
352 1439 450 1490 deinde
463 1439 592 1492 universis
604 1458 657 1510 eos,
672 1441 728 1509 ipse
741 1457 793 1507 rex,
807 1456 860 1508 quo
878 1455 926 1490 suo
946 1440 1061 1492 merito⁴

141 1514 242 1558 tanturn
268 1507 292 1559 iii
316 1517 402 1560 semet
420 1509 579 1576 cogitassent
604 1509 727 1562 facinusf
751 1509 900 1576 interrogat.
938 1508 1059 1576 Stupen-

141 1575 212 1627 tibus
231 1577 332 1645 ceteris,
354 1577 517 1646 Hermolaus,
539 1579 594 1632 Nos
612 1582 694 1647 vero,⁵
715 1580 804 1648 inquit,
823 1577 960 1647 quoniam,
974 1579 1060 1646 quasi

142 1644 252 1711 nescias,
271 1648 384 1716 quaeris,
404 1645 540 1700 occidendi
566 1658 591 1700 te
610 1649 747 1700 consilinm
766 1648 898 1714 inivimus,
917 1651 985 1724 quia
1007 1665 1060 1699 non

142 1723 169 1764 ut
184 1715 303 1782 ingenuis
322 1716 451 1784 imperare
472 1719 590 1786 coepisti,
605 1717 651 1769 sed
671 1717 745 1786 quasi
774 1718 799 1768 in
818 1717 951 1784 mancipia
968 1715 1060 1769 domi-

141 1784 218 1835 naris.
255 1785 358 1836 Primus
376 1803 410 1838 ex
427 1786 551 1838 omnibus
570 1796 643 1854 pater
660 1787 742 1855 ipsius
759 1785 866 1854 Sopolis,
880 1786 1060 1854 parricidiam

141 1852 221 1905 etiarn
241 1853 358 1921 parentis
375 1855 414 1906 sui
432 1854 571 1907 clamitans
589 1872 656 1924 esse,
670 1859 810 1924 consurgit,
824 1865 850 1906 et
869 1855 902 1906 ad
922 1871 953 1904 os
970 1873 1060 1907 nianu

140 1920 251 1990 objecta,
266 1923 367 1988 scelere
380 1932 405 1975 et
418 1923 496 1976 malis
509 1924 682 1976 insanientem
704 1925 770 1977 ultra
789 1934 866 1991 negat
879 1923 1060 1978 audiendum.

142 1991 198 2044 Rex
217 1989 327 2044 inhibito
346 2003 419 2060 patre
438 1993 528 2046 dicere
547 1994 716 2046 Hermolaum
741 1993 824 2061 jubet,
843 2010 912 2062 quae
938 2011 973 2045 ex
1001 2011 1060 2046 ma·

141 2061 221 2120 gistro
245 2061 383 2115 didicisset
407 2062 577 2116 Callisthene.
616 2063 649 2116 Et
674 2063 837 2129 Hermolaus,
859 2063 930 2130 Utor,
954 2063 1057 2131 inquit,

142 2128 270 2180 beneficio
283 2137 334 2198 tuo,
348 2137 374 2182 et
387 2130 454 2198 dico,
467 2149 535 2200 quae
548 2133 642 2184 nostris
655 2132 732 2184 malis
749 2132 849 2184 didici.l
885 2131 973 2189 Quota
995 2150 1062 2201 pars

141 2195 322 2250 Macedonum
340 2201 467 2251 saevitiae
486 2209 547 2252 tuae
565 2201 704 2270 superest?
723 2201 953 2270 quotusquidern⁷
966 2219 1023 2254 non
1043 2220 1061 2254 e

143 2265 268 2316 vilissimo
291 2268 438 2333 sanguinet
481 2270 587 2322 Attalus
610 2280 635 2323 et
661 2270 778 2322 Philotas
802 2279 827 2320 et
852 2271 998 2322 Parmenio
1032 2282 1060 2324 et

142 2335 287 2402 Lyncestes
305 2335 455 2388 Alexander
473 2347 498 2388 et
518 2338 608 2407 Clitus,
622 2350 751 2408 quantum
769 2341 802 2390 ad
821 2338 911 2391 hostes
929 2343 1060 2410 pertinet,

141 2405 240 2469 vivunt,
254 2411 322 2456 stant
342 2405 368 2455 iri
386 2405 452 2472 acie,
472 2413 498 2456 te
516 2407 610 2476 clipeis
627 2410 681 2460 suis
700 2418 845 2477 protegunt,
860 2417 886 2460 et
905 2425 951 2478 pro
969 2410 1061 2478 gloria

142 2483 194 2537 tna,
222 2487 267 2538 pro
292 2473 400 2525 victoria
422 2474 531 2527 vulnera
564 2479 711 2546 accipiunt:
742 2478 839 2546 quibus
863 2487 890 2529 tu
915 2481 1060 2546 egregiam

140 2541 249 2608 gratiam
276 2541 405 2594 rettulisti.
442 2543 519 2596 Alius
541 2563 662 2599 mensam
687 2556 761 2598 tuam
786 2547 915 2615 sanguine
941 2563 993 2599 suo
1016 2568 1060 2602 as-

170 2645 177 2667 ¹
188 2639 217 2686 lii
231 2640 278 2687 this
290 2641 451 2688 construction
464 2657 499 2689 we
511 2654 574 2690 must
592 2644 646 2704 give
658 2654 682 2691 to
692 2647 809 2692 consolari
824 2644 865 2691 the
880 2659 953 2692 sense
969 2647 1002 2693 of
1017 2653 1061 2695 ‘to

141 2698 252 2755 produce.
267 2702 298 2760 by
310 2700 347 2747 his
359 2700 482 2761 consoling
494 2702 581 2758 words,
595 2704 708 2760 aputicnt
725 2703 859 2752 endurancc
870 2702 912 2756 of‚’
924 2703 973 2750 &c
985 2721 993 2761 ς
1014 2707 1057 2754 but

141 2756 181 2804 ‘lie
192 2759 331 2829 expression
342 2759 362 2808 is
374 2775 388 2807 a
398 2762 533 2808 contracted
546 2776 590 2808 one
602 2760 637 2808 for
648 2766 679 2809 od
692 2765 844 2810 consolandos
862 2779 898 2810 eos
914 2773 941 2808 at
958 2767 1058 2814 cerbero

140 2827 452 2940 oaqirpsopgmtqpcqqqqqppg,
465 2893 507 2924 see
524 2878 620 2936 Zumpt,
634 2879 708 2929 lffiss.
740 2879 810 2947 With
827 2879 929 2927 Tacitus
946 2879 996 2928 and
1014 2883 1058 2930 the

142 2943 233 2980 writers
240 2933 268 2980 of
274 2934 327 2981 thet
336 2950 389 2996 ege,
398 2940 470 2984 evado
477 2951 580 2996 governs
590 2937 631 2985 the
641 2951 785 2986 accusative.
804 2939 850 2986 See
860 2939 959 2997 Zumpt,
970 2940 985 2990 i
999 2945 1055 2997 386,

115 3055 119 3088 t
140 2991 259 3117 adfjiHhe
275 3050 350 3099 heads
365 3052 393 3100 of
405 3053 436 3102 ell
453 3053 507 3101 who
518 3069 582 3124 were
592 3055 684 3124 related
696 3057 728 3114 by
740 3055 811 3104 blood
827 3066 852 3104 to
868 3055 909 3104 the
926 3057 1056 3130 criminals

142 3110 213 3168 being
223 3108 326 3157 doomed
337 3121 362 3158 tc
372 3111 420 3159 fall.
452 3112 506 3160 The
522 3115 674 3172 subjunctive
691 3113 797 3173 depende
814 3131 844 3163 on
860 3115 901 3162 the
918 3115 1004 3164 clause
1018 3127 1055 3167 tto

140 3169 278 3216 institutum
289 3177 337 3216 erut
348 3179 384 3224 at,
397 3169 475 3218 which
488 3171 507 3218 is
519 3172 615 3230 implied
628 3174 651 3220 iii
662 3173 818 3222 Macedonum
828 3191 896 3222 more.

169 3233 177 3254 ⁴
188 3232 193 3252 ‘
203 3226 244 3273 On
254 3236 355 3274 account
367 3227 395 3274 of
406 3228 470 3276 what
482 3229 539 3278 fault
551 3231 579 3278 of
591 3231 645 3278 his!

169 3293 177 3316 ⁸
191 3284 257 3339 Vero,
271 3285 422 3344 introducing
433 3286 473 3334 the
485 3303 509 3335 re
528 3289 559 3348 ly.
591 3290 638 3336 See
650 3290 748 3349 Zumpt,
761 3290 775 3342 l
786 3295 840 3340 716.

141 3343 270 3453 ,balgins
286 3342 298 3390 Ι
314 3343 376 3391 have
391 3343 488 3392 learned
513 3361 564 3394 rom
580 3363 624 3395 our
640 3347 802 3398 misfortunes’
816 3357 866 3406 (not
882 3349 944 3398 from
961 3349 1054 3402 Callis-

170 3457 288 3516 'Quidem
304 3473 386 3506 serves
402 3457 458 3506 here
475 3473 501 3505 tis
517 3475 532 3506 a
546 3461 646 3518 particle
662 3462 689 3510 of
701 3467 850 3516 restrictioui
877 3467 947 3516 ‘how
962 3467 1024 3528 few,
1041 3469 1056 3520 1

142 3528 212 3560 mean
222 3515 277 3562 how
288 3515 335 3564 few
347 3515 375 3564 of
386 3515 457 3563 noble
468 3515 584 3564 descent.'
