2264 3880
512 243 609 284 arnna·
624 244 665 284 rx.
971 229 1039 286 2277

132 358 269 423 spectatae
281 351 386 408 virtutis
397 351 540 418 elegerant,
553 350 599 419 qui
618 351 667 404 snb
686 350 818 407 radicibus
836 349 934 404 montis
950 359 1038 402 castra

132 421 227 491 posuit,
238 421 345 489 lateque
355 421 472 490 ignes,ut
481 420 598 488 speciem
609 419 782 473 multitudinis
790 430 906 490 augeret,
917 419 1039 486 ostendit,

133 490 249 544 clamore
262 507 367 558 quoque
378 507 411 542 ac
423 490 464 542 sui
477 489 664 542 morisulnlatu
673 488 819 541 identidem
828 488 1037 557 acquiescentes,

117 609 119 614 ,
132 559 297 614 Macedonas
309 559 403 612 frustra
416 569 513 610 terrere
523 571 638 610 conatus.
674 559 734 612 lam
747 557 792 611 lux
804 558 965 628 appetebat,¹
977 575 1040 610 cum

128 645 182 682 rex
193 629 304 680 fiduciae
325 645 357 680 ac
376 627 434 695 spei
454 627 548 696 plenus
566 627 667 679 alacres
687 627 787 679 milites
805 643 879 678 arma
898 644 1000 696 capere,
1015 635 1041 678 et

118 698 206 762 ¹etrite
219 699 344 752 maciem
356 697 440 766 jubet.
475 695 534 763 Sed,
548 695 618 748 haud
640 696 750 748 traditur
769 707 885 762 metune,
899 713 933 748 an
952 697 1041 750 oberte

135 766 264 820 seditione
279 767 344 818 inter
358 769 434 835 ipsos,
449 764 534 817 subito
548 767 717 832 profugerunt
737 765 857 832 barbari,
875 774 947 816 certe
967 767 1042 818 avios

134 844 240 888 montes
252 844 278 888 et
291 835 432 903 impeditos
444 844 653 902 occupaverunt:
667 851 779 903 quorum
787 851 884 902 agmen
893 851 939 886 rex
947 833 1042 887 frustra

135 914 297 974 persecutus,
312 903 503 972 impedimenta
516 903 595 969 cepit.
837 959 838 962 Ἴ

173 979 211 1028 18.
231 974 391 1026 Perventum
412 972 509 1025 deinde
528 981 567 1026 est
587 971 622 1024 ad
642 971 770 1041 oppidum
789 971 995 1042 Oxydrecarum,
1015 972 1040 1022 in

135 1041 205 1112 quod
226 1042 344 1110 plerique
365 1041 545 1110 confugerant,
565 1039 637 1094 haud
657 1041 757 1111 majora
777 1040 875 1094 fiducia
899 1041 1041 1109 moenium,

135 1129 217 1180 quam
237 1111 389 1164 annorum.²
423 1112 484 1164 Jam
503 1110 675 1166 admovebat³
693 1128 746 1176 rex,
759 1127 823 1162 cum
841 1118 915 1162 vates
934 1126 1042 1162 monere

137 1197 200 1234 enm
213 1182 307 1250 coepit,
320 1197 354 1232 ne
373 1181 558 1248 committeret,
572 1188 617 1233 aut
638 1189 709 1232 certe
728 1178 846 1232 differret
862 1177 1041 1231 obsidionem:
1067 1173 1072 1185 ’

136 1249 207 1303 vitae
220 1248 278 1318 ejus
289 1250 437 1319 periculum
457 1250 568 1302 ostendi.
605 1250 662 1304 Rex
681 1249 894 1318 Demophontem
915 1247 951 1317 (is
968 1264 1042 1302 nam·

136 1321 199 1388 que⁴
211 1329 285 1372 vates
297 1319 364 1389 erat)
378 1319 492 1388 intuens,
506 1319 530 1372 si
542 1319 608 1388 quis,
622 1319 712 1388 inquit,
728 1327 752 1372 te
770 1317 822 1370 arti
838 1327 899 1371 tuae
912 1317 1041 1370 intentum

134 1395 163 1442 et
182 1397 244 1442 exta
262 1398 426 1457 spectantem
452 1388 490 1441 sic
515 1387 664 1458 interpellet
689 1406 741 1442 non
760 1387 900 1454 dubitem,⁵
917 1387 979 1455 quin
1004 1385 1041 1439 in·

136 1458 291 1512 commodus
308 1475 341 1510 ac
359 1457 486 1511 molestus
503 1457 588 1510 videri
605 1457 654 1511 tibi
671 1457 760 1526 possit.
797 1457 831 1510 Et
856 1473 918 1508 cum
942 1455 987 1507 ille
1005 1455 1043 1508 itu

136 1543 240 1596 prorsus
257 1527 374 1580 futurum
401 1526 585 1596 respondisset,
607 1527 749 1608 censesne,
768 1526 860 1594 inquit,
881 1533 968 1578 tantus
993 1541 1041 1594 res,

136 1613 187 1650 non
205 1596 337 1666 pecudum
357 1597 437 1650 fibras
454 1604 516 1648 ante
534 1595 624 1648 oculos
641 1595 757 1662 habenti,
774 1595 859 1648 ullum
877 1610 937 1646 esse
955 1592 1044 1662 majus

136 1665 366 1734 impedimentum,
391 1682 472 1734 quam
496 1674 585 1718 vatem
609 1665 793 1732 superstitione
817 1661 946 1732 captum?
983 1662 1043 1715 Nec

135 1733 236 1788 diutius
248 1751 327 1803 quarn
341 1734 474 1802 respondit
486 1743 610 1801 moratus,
623 1733 759 1786 admoveri
770 1731 845 1801 jubet
858 1731 950 1800 scalas,
965 1747 1042 1784 cunc·

136 1804 304 1871 tantibnsque
317 1804 413 1855 ceteris
426 1802 514 1856 suadit
527 1803 552 1855 in
572 1819 687 1856 murum.
723 1804 842 1870 Angusta
862 1801 930 1854 muri
949 1815 1043 1854 corona

136 1882 207 1924 eret:
227 1890 277 1925 non
309 1872 386 1924 innaa
399 1872 467 1925 sicut
485 1871 549 1924 alibi
569 1871 703 1939 fastigium
723 1870 783 1940 ejus
800 1869 981 1938 distinxerant,
995 1870 1043 1922 sed

136 1950 264 2062 perpetua
287 1890 367 1992 idrica
389 1941 503 1994 obducta
526 1941 668 1992 transitum
691 1938 846 2008 saepserat.⁸
881 1940 973 2007 ltaque
997 1955 1044 1991 rex

156 2011 263 2063 serebat
275 2009 368 2077 magis,
382 2026 463 2078 qnam
476 2009 561 2062 stabat
580 2009 606 2061 in
626 2009 753 2076 margine,
766 2007 852 2076 clipeo
871 2007 988 2076 undique
1006 2007 1043 2060 in·

135 2079 253 2130 sidentia
266 2079 319 2131 tela
331 2078 499 2148 propulsans,
512 2095 573 2131 nam
582 2077 680 2147 ubique
689 2077 794 2130 eminus
803 2095 837 2130 ex
846 2076 960 2130 turribus
972 2085 1043 2146 pete·

137 2145 221 2200 batur.
257 2148 316 2201 Nec
332 2147 423 2200 subite
441 2147 540 2201 milites
551 2155 678 2217 poterant,
691 2147 754 2215 qnia
767 2163 880 2215 superne
893 2146 918 2198 vi
932 2145 1043 2198 telorum

136 2216 321 2270 obruebantur.
358 2217 479 2270 Tandem
499 2214 712 2284 magnitudinem
732 2215 843 2284 periculi
863 2215 947 2285 pudor
964 2215 1042 2268 vicit:

136 2285 234 2406 puippe
247 2285 398 2354 cernebant,
412 2285 578 2339 cunctatione
591 2302 638 2337 sua
650 2285 713 2338 dedi
725 2284 844 2338 hostibus
857 2301 956 2352 regern.
992 2283 1043 2336 Sed

148 2355 284 2408 estinandc
308 2355 475 2410 morabantur
498 2354 604 2408 auxilia.
640 2355 709 2408 Nam
731 2353 795 2408 dum
816 2370 862 2423 pro
882 2371 911 2406 se
931 2355 1043 2422 quisque

137 2434 221 2478 certet
233 2424 356 2495 evadere,
369 2441 512 2478 oneravere
525 2424 611 2478 scalas
618 2440 627 2493 3
644 2424 704 2494 quis
721 2440 772 2478 non
791 2421 984 2476 sufficientibus
998 2423 1043 2474 de-

143 2531 222 2538 1-—

167 2587 173 2610 ¹
185 2581 244 2688 Ithis
260 2597 274 2662 p
290 2581 363 2629 Latin
377 2581 451 2630 idiom
467 2590 493 2628 tc
506 2595 551 2645 ¹say
562 2589 661 2642 tempus,
673 2582 732 2637 dies,
745 2597 799 2637 acu,
816 2582 859 2628 lac
875 2583 971 2642 appetit,
987 2586 1042 2640 ‘ap-

137 2655 314 2780 prpacYppthom
330 2699 419 2759 having
433 2706 528 2759 greater
538 2696 677 2745 confidencc
689 2697 713 2744 in
724 2696 766 2744 tlre
777 2695 846 2744 walls
865 2696 924 2744 thau
942 2697 967 2754 in
981 2697 1045 2746 tlrsir

137 2773 319 2866 winnocum
329 2814 523 2897 beinpomitted
536 2818 656 2862 admouere
665 2812 736 2862 takes
747 2813 788 2860 the
800 2812 950 2862 intransitive
961 2829 1043 2863 mean·

47 2899 50 2908 ·
138 2876 179 2936 ing
190 2875 217 2923 οῖ’
227 2881 232 2902 ‘
241 2885 266 2923 to
277 2876 389 2923 advanee.
431 2873 529 2920 Monere
537 2873 559 2920 is
569 2872 629 2921 used
640 2872 665 2920 in
675 2872 717 2919 the
728 2885 795 2919 sume
808 2887 871 2932 way,
884 2889 907 2920 v.
919 2877 955 2922 35.

167 2941 175 2963 ·
187 2935 248 2982 'l'his
264 2933 416 2993 conjunction
432 2932 452 2980 is
468 2931 598 3000 by'Cicerc
610 2930 655 2979 and
671 2930 713 2978 the
724 2930 809 2978 earlier
821 2931 893 2978 Latin
903 2933 996 2980 writers
1007 2931 1041 2980 al·

138 2989 1044 3122 willldllefilll'sbdssllsslllldljlillilildillit,erantn

138 3109 515 3216 amo'i'tliescerbgriarii'tirreffiriall
527 3165 628 3234 (thetis,
642 3165 682 3214 the
699 3165 892 3235 standing-roem
907 3183 939 3216 on
954 3167 981 3220 it)
991 3181 1044 3236 uras

138 3241 246 3286 narrum
259 3227 295 3276 scr
306 3237 413 3333 separate
429 3225 585 3294 battlemcnts
596 3224 637 3273 drd
647 3235 697 3297 not,
710 3241 737 3273 as
748 3241 773 3272 m
783 3225 853 3274 other
863 3241 940 3294 cases,
952 3241 995 3284 pro
1005 3235 1044 3294 eet

138 3287 198 3336 from
210 3287 250 3334 tlte
262 3297 325 3345 tcpo
345 3295 363 3333 tt
374 3293 410 3339 (so
420 3299 447 3332 ss
457 3294 482 3332 to
492 3294 617 3352 interrupt‚
626 3287 780 3348 distinguere,
791 3285 832 3334 the
841 3286 969 3333 otherwrse
979 3299 995 3343 p
1005 3299 1043 3332 arn

138 3348 185 3398 end
197 3344 311 3396 unveried
321 3343 431 3399 surface),
444 3344 487 3392 but
499 3359 513 3392 a
523 3353 666 3393 continuone
677 3344 828 3392 breastwcrli
838 3343 934 3392 erected
945 3343 969 3390 in
980 3343 1043 3392 irunt

138 3406 186 3454 had
201 3405 296 3454 tlrrcwn
307 3421 322 3452 a
332 3401 494 3452 considerable
505 3402 611 3452 obstacle
627 3402 652 3450 in
667 3401 708 3451 tbe
719 3417 774 3463 way
785 3403 813 3451 ci
827 3417 874 3463 any
884 3415 930 3450 one
941 3401 996 3450 who
1006 3411 1042 3450 et·

139 3463 247 3524 tempted
258 3475 283 3514 to
294 3463 367 3512 climb
378 3476 436 3511 over
446 3461 481 3510 it.’
