2410 3890
504 263 595 303 arcun
622 263 661 302 rr.
985 246 1040 302 1⁵5

129 367 221 438 tiabat,
234 386 314 439 quem
334 377 470 435 receptum
483 369 509 420 in
522 368 607 422 fidem
618 361 725 438 regioni,¹
737 385 817 439 quam
830 377 910 425 antea
921 369 1041 423 obtinus·

130 440 188 505 rat,¹
207 439 343 508 praefecit.
381 439 414 492 Et
435 455 498 491 cum
516 455 596 506 grave
616 439 706 506 spoliis
723 448 903 508 apparatuque
922 438 1041 492 luxuriae

130 525 228 576 agmen
241 508 285 560 vix
302 517 459 573 moveretur,
479 524 540 560 suas
557 507 680 576 primurn,
696 507 793 560 deinde
812 509 890 561 totius
908 509 1042 561 exercitus

130 578 255 646 sarcinas,
280 578 399 646 exceptis
422 576 566 628 admodum
591 577 755 644 necessariis,
777 577 889 630 conferri
911 576 989 647 jussit
1013 577 1041 630 iu

130 647 259 702 medinm.
297 647 422 699 Planities
440 646 557 714 spatiosa
577 654 640 714 erat,
662 646 687 698 in
707 663 787 714 quam
806 647 930 699 vehicula
947 656 1042 700 onusta

131 717 315 786 perduxerant.
352 714 562 785 Expectantibus
579 715 688 782 cunctis,
705 715 768 784 quid
787 715 884 768 deinde
903 725 975 768 esset
993 717 1042 768 im·

131 795 276 854 paraturus,
298 785 418 855 jumenta
439 784 517 853 jussit
540 783 645 853 abduci,
667 785 774 854 suisque
798 787 914 854 primum
934 785 1043 838 sarcinis

100 871 108 887 ⁸
131 855 191 908 face
204 855 317 922 subdita,
330 862 433 906 ceteras
445 853 550 908 incendi
563 854 717 923 praecepit<²
741 853 900 922 Flagrabant
910 857 1042 906 exurenti-

132 923 183 978 bus
200 924 323 992 dominis,
343 941 412 992 quae
432 933 459 976 ut
478 922 576 975 intacta
595 942 629 978 ex
647 923 756 976 urbibus
777 923 892 977 hostium
912 931 1041 992 raperent,

133 1011 178 1046 sae
197 1011 213 1044 e
225 993 349 1048 flammas
359 993 541 1060 restinxerant,
556 992 627 1046 nullo
645 994 780 1060 sanguinis
797 994 910 1062 pretium
926 991 1042 1044 audente

133 1061 167 1114 de
189 1079 241 1132 ere,
256 1077 315 1113 cum
330 1062 416 1129 regias
427 1079 491 1130 opes
507 1063 579 1115 idem
593 1063 660 1130 ignis
672 1071 801 1116 exureret.
821 1083 823 1088 ·
838 1063 929 1114 Brevis
943 1059 1042 1114 deinde

132 1132 216 1184 oratio
239 1130 369 1197 mitigavit
391 1131 516 1200 dolorem,
538 1132 694 1200 habilesque
718 1131 828 1184 militiae
849 1140 875 1184 et
899 1131 1043 1184 adomnia

133 1197 218 1278 parati
226 1199 398 1268 laetabantur,
408 1200 569 1254 sarcinarum
579 1201 672 1270 potius,
681 1217 762 1270 quarn
770 1201 934 1271 disciplinae,
944 1199 1042 1253 fecisse

132 1269 283 1338 Jacturam.³
315 1270 396 1337 lgitur
409 1268 577 1336 Bactrianam
589 1271 722 1338 regionem
735 1271 869 1340 petebant.

169 1343 211 1390 22.
231 1338 282 1391 Sed
300 1339 434 1406 Nicanor,⁴
451 1339 631 1392 Parmenionis
649 1340 725 1408 filius,
739 1340 827 1393 subita
842 1349 925 1392 morte
940 1355 1043 1407 correp·

134 1417 185 1478 tus,
199 1425 294 1476 magno
306 1408 437 1462 desiderio
450 1409 489 1460 sui
502 1408 627 1460 affecerat
646 1419 763 1464 cunctos.
799 1410 863 1476 Rex,
876 1421 938 1462 ante
950 1425 1043 1460 omnes

134 1488 260 1547 maestus,
281 1477 403 1548 cupiebat
427 1478 535 1548 quidem
557 1479 704 1533 subsistere
728 1479 814 1532 funeri
833 1479 972 1546 affuturus,
994 1476 1042 1530 sed

133 1547 244 1668 penuria
255 1559 452 1602 commeatuum
466 1549 591 1600 festinare
603 1548 722 1616 cogebat.
746 1549 839 1616 Itaque
853 1547 969 1600 Philotas
981 1564 1042 1599 cum

153 1617 237 1670 uobus
248 1616 358 1672 milibus
370 1626 397 1670 et
406 1619 451 1670 DC
459 1617 574 1684 relictus,
587 1627 615 1670 ut
627 1617 697 1687 justa
709 1617 782 1671 fratri
795 1617 970 1686 persolveret:
984 1616 1042 1684 ipse

134 1685 267 1738 contendit
285 1687 317 1740 ad
337 1687 458 1740 Bessum.
495 1687 548 1740 lter
566 1687 673 1739 facienti
694 1689 718 1739 ei
739 1686 842 1739 litterae
863 1686 1007 1740 afferuntur
1026 1702 1043 1736 a

132 1753 254 1808 finitimis
278 1756 452 1824 satraparum,
474 1773 489 1808 e
513 1756 610 1824 quibus
633 1757 773 1825 cognoscit,
797 1755 910 1808 Bessum
934 1753 1042 1823 quidem

134 1823 222 1876 hostili
235 1825 323 1876 animo
335 1841 471 1877 occurrere
484 1843 545 1878 cum
559 1827 684 1892 exercitu,
698 1839 816 1878 ceterum
836 1825 1041 1890 Satibarzanem,

152 1908 213 1946 uem
233 1902 365 1962 satrapam
383 1895 516 1947 Ariorum⁵
535 1895 591 1962 ipse
609 1895 788 1963 praefecisset,
802 1893 936 1946 defecisse
951 1893 986 1944 ab
1001 1909 1042 1943 eo.

133 1910 226 2030 ltaque
238 1979 401 2031 quamquam
414 1963 495 2016 Besso
509 1963 672 2032 imminebat,
686 1974 773 2015 tamen
792 1962 826 2014 ad
845 1963 1043 2015 Satibarzanem

134 2029 336 2099 opprimendum
349 2030 490 2100 praeverti⁶
502 2032 631 2100 optimum
651 2042 728 2102 ratus,
741 2032 828 2085 levem
842 2041 1001 2084 armaturam
1015 2039 1043 2081 et

134 2109 271 2168 equestres
289 2100 378 2168 copias
396 2099 493 2170 educit,
508 2111 613 2169 totaque
632 2113 709 2154 nocte
728 2103 821 2155 itinere
840 2112 945 2154 strenue
964 2100 1040 2168 facto,

134 2167 294 2238 improvisus
311 2167 381 2222 hosti
395 2171 555 2238 supervenit.
592 2170 673 2240 Cujus
685 2173 789 2240 cognito
801 2171 917 2224 adventu
930 2169 1042 2224 Satibar-

134 2253 215 2290 zanes
233 2255 295 2289 oum
316 2239 339 2290 ll
360 2237 470 2292 milibus
488 2240 605 2308 equitum
628 2241 690 2308 (nec
710 2242 797 2310 plures
817 2241 904 2294 subito
924 2237 1042 2292 contrahi

133 2307 264 2376 poterant)
278 2307 371 2360 Bactra
385 2307 509 2378 perfugit,
523 2311 604 2362 ceteri
624 2312 755 2378 proximos
773 2320 877 2364 montes
895 2325 1042 2378 occupave-
1099 2371 1101 2384 Ι

134 2386 200 2428 runt.
237 2377 380 2446 Praempta
399 2394 479 2446 rupes
496 2387 544 2447 est,
558 2397 610 2448 qua
622 2389 724 2448 spectat
737 2379 925 2433 Occidentem:
946 2375 1042 2432 eadem

133 2462 185 2513 qua
198 2445 280 2514 vergit
292 2447 325 2498 ad
339 2447 475 2500 Orientem
493 2447 591 2500 leniore
610 2451 751 2504 summissa
770 2450 883 2518 lastigie,
897 2449 989 2502 multis
1003 2464 1041 2499 ar·

131 2513 240 2568 boribus
252 2515 345 2584 obsita,
359 2533 505 2585 perennem
523 2517 603 2570 habet
622 2518 729 2586 fontem,
743 2537 777 2574 err
789 2537 841 2588 quo
853 2519 943 2586 largae
956 2533 1043 2587 aquae

131 2597 250 2637 manant.
287 2585 416 2638 Circuitus
434 2585 493 2656 ejus
511 2587 581 2640 XXX
594 2599 620 2638 et
633 2589 657 2640 ll
670 2589 754 2640 stadia
767 2588 976 2658 comprehendit.
1013 2587 1042 2638 ln

131 2655 230 2706 vertice
251 2653 378 2708 herbidus
397 2671 517 2724 campus.
554 2657 583 2708 ln
607 2655 657 2708 hoc
681 2657 880 2711 multitudinem
905 2656 1043 2710 imbellem

131 2722 271 2774 considere
294 2723 404 2793 jubent:
431 2725 489 2793 ipsi,
514 2742 567 2792 qua
591 2742 670 2792 rupes
740 2728 763 2762 ’⁷
833 2736 896 2798 erat,
921 2725 1044 2779 arborum

131 2799 236 2844 truncos
255 2801 282 2845 et
301 2811 365 2845 saxa
383 2793 569 2846 obmoliuntur.
606 2795 666 2847 Xlll
686 2795 760 2848 milia
778 2804 977 2853 armataerant.
1014 2797 1044 2849 ln

208 2874 265 2882 -0—--

162 2909 168 2932 ¹
181 2873 252 2961 luis,
266 2922 292 2954 as
304 2923 340 2954 we
352 2923 391 2955 are
404 2889 457 2956 told
465 2880 559 2967 shortly
568 2908 716 2967 afterwards,
729 2927 778 2959 was
791 2913 889 2960 Ariana.

159 2962 320 3013 'Construed
338 2965 387 3013 like
400 2969 478 3027 jussit
496 2968 520 3015 in
540 2969 580 3015 tho
599 2969 729 3030 preceding
744 2971 840 3020 clause:
859 2972 989 3022 otherwise
1005 2989 1044 3022 we

130 3021 218 3071 should
231 3021 292 3070 have
303 3026 421 3084 expected
432 3036 466 3074 ot.
500 3027 547 3074 See
560 3027 657 3086 Zumpt,
670 3028 745 3079 ΜΠ.

159 3085 169 3109 ¹
180 3081 204 3128 N
208 3081 297 3142 amely,
311 3100 342 3131 se.
375 3085 412 3132 As
424 3087 669 3148 tojuctoromsccere,
682 3104 723 3136 see
735 3099 791 3136 note
802 3105 833 3138 on
843 3107 867 3138 v.
880 3093 917 3138 26.

140 3201 147 3214 .
159 3146 170 3210 ξ
179 3140 220 3209 ΗΘΙ
228 3157 278 3188 was
291 3141 331 3248 llse
337 3145 500 3257 3108ιῖιίἱηῖἓὲἒῇ
507 3144 535 3250 og
536 3146 750 3258 dietilyss⁰⁵pi⁵t⁸’
763 3164 798 3256 pdr,
812 3166 838 3198 aa
849 3149 948 3198 Curtius
959 3151 992 3212 by
1001 3167 1042 3200 an·

129 3209 316 3330 nclp'fhdirdtial
328 3262 490 3331 construction
500 3239 579 3312 would
591 3221 652 3312 brine
660 3221 812 3315 hgehhoedllirlf.
834 3266 882 3316 But
910 3269 1042 3330 rcesccirsct

129 3318 262 3400 isusednap
273 3327 428 3376 rmtcorrset,
443 3321 539 3370 ‘whom
554 3323 585 3370 he
601 3323 703 3372 himself
715 3323 763 3374 had
777 3287 909 3388 appointed
921 3338 1002 3388 satrap
1013 3327 1042 3376 of

129 3381 173 3473 th?
182 3380 304 3487 ‘llllhl’tum
315 3437 381 3486 aside
391 3437 555 3488 beforehmd’

159 3503 168 3530 ¹
179 3495 254 3548 Some
265 3497 332 3546 word
343 3497 387 3546 has
397 3496 505 3558 dropped
514 3510 566 3555 cut.
579 3500 682 3562 perhaps
692 3504 796 3552 dativis.
