2314 3886
438 237 529 279 arsen
549 227 612 280 vtu.
917 219 976 274 2⁶0

71 355 136 402 tem.
175 347 319 427 Praecipue
334 345 457 401 terribilis
474 345 520 400 illa
537 345 620 400 facies
636 354 701 417 erat,
717 363 779 402 eum
794 347 886 400 11111111ι
902 359 978 398 erma

70 417 193 486 vitesque
207 427 372 486 corriperent,
392 426 418 469 et
433 433 512 485 super
532 433 560 468 se
580 416 731 484 regentibus
746 415 887 468 traderent.
923 415 977 468 An·

23 533 24 536 ,
71 503 137 555 ceps
159 502 220 554 ergo
242 502 331 556 pugna
351 502 424 538 ,nuuc
447 486 623 554 sequentium,
648 501 717 538 nunc
740 484 898 552 fugientium
922 484 977 536 ele·

23 557 24 606 ὲ
69 554 190 626 phaetas,
210 557 237 609 iu
255 554 370 608 multum
389 555 451 607 diei²
470 555 571 606 varium
590 563 725 608 certamen
743 554 870 622 extraxit3
892 553 978 608 donec

23 625 24 696 ζ
71 624 210 678 securibus
222 625 260 694 (id
273 641 387 694 namque
404 640 492 692 genus
507 623 597 676 auxilii
627 633 792 693 raeparatum
810 623 878 693 erat)
895 623 979 692 pedes

23 697 24 762 ζ
69 687 208 764 amputare
226 702 376 764 coeperunt.
412 691 525 762 Copidas
543 709 607 746 voca
660 693 791 760 tgladios
808 692 902 745 leviter
921 710 979 746 cur-

23 763 25 824 ¹,
69 772 147 818 vatos
169 763 283 816 falcibus
306 762 415 831 similes,
439 761 499 831 quis
527 761 688 831 appetebant
711 761 850 815 beluarum
874 778 993 818 manus..

23 837 25 896 J
71 835 130 886 Neo
150 833 293 902 quicquam
312 833 478 900 inexpertum
497 847 547 884 non
567 831 658 884 mortis
676 831 762 901 modo,
783 829 838 882 sed‘·
851 831 932 883 etiam
948 831 980 884 iu

23 901 25 914 '
71 903 129 972 ipsa
140 911 224 954 morte
236 901 297 954 novi
309 901 437 978 supplicii,
452 900 528 952 rimor
539 900 699 953 omittebat.⁸
800 934 804 940 ι

23 1023 24 1042 ,
106 975 149 1023 ⁵0.
168 971 236 1038 Ergo
249 969 383 1040 elephanti
396 969 550 1024 vulneribus
564 969 672 1024 tandem
690 967 793 1037 fatigati
805 985 867 1022 suos
879 969 980 1037 impetu

23 1049 24 1060 ¹
72 1049 200 1108 sternunt,
225 1047 252 1092 et
278 1039 323 1109 qui
353 1047 473 1092 rexerant
496 1055 550 1108 eos,
573 1039 739 1110 praecipitati
765 1038 791 1090 in
817 1046 922 1107 terram,
946 1037 982 1090 ab

23 1095 41 1160 ³.
72 1109 138 1180 ipsis
167 1108 365 1161 obterebantur:
408 1110 501 1177 Itaque
525 1124 649 1177 pecorum
672 1107 751 1161 modo
775 1107 861 1175 magis
901 1106 980 1174 avidi,

72 1195 155 1248 quem
172 1177 271 1247 infesti,
289 1177 357 1231 ultre
374 1178 461 1230 aciem
480 1177 666 1246 exigebantur,
684 1193 746 1230 cum
765 1177 853 1246 Porus,
872 1126 981 1230 thatim-

72 1256 116 1302 tus
133 1264 152 1300 1
174 1246 300 1317 pluribus,
321 1247 385 1299 tela·
397 1246 479 1300 multo
502 1255 564 1298 aute
584 1255 740 1368 praeparata
759 1246 786 1301 in
807 1246 983 1301 circumfusos

72 1334 108 1370 ex
127 1316 267 1386 elephanto
288 1332 335 1368 suo
353 1316 439 1385 coepit
459 1315 585 1384 ingerere,
601 1316 746 1385 mutisque
766 1315 871 1369 eminus
892 1315 982 1368 vulne·

72 1386 143 1454 ratis,
168 1386 303 1455 expositus
324 1385 382 1456 ipse
404 1384 438 1437 ad
462 1385 530 1438 ictus
552 1384 671 1454 undique
694 1384 841 1454 petebatur.
877 1386 983 1438 Novem

71 1455 128 1526 jam
149 1455 259 1508 vulnera
278 1454 341 1508 hinc
361 1464 441 1524 tergo,
459 1454 532 1507 illinc
551 1466 656 1524 pectore
678 1457 827 1524 exceperat,
845 1455 983 1524 multoque

73 1525 203 1592 sanguine
247 1523 333 1578 roiuso
357 1524 489 1591 languidis
517 1524 641 1577 manibus
665 1524 751 1592 magis
779 1523 877 1592 elapsa,
901 1539 982 1592 quem

73 1542 254 1648 excusseritis
274 1594 417 1647 mittebat.⁴
451 1595 510 1646 Nec
530 1595 636 1661 segnius
654 1593 741 1661 belua,
758 1591 881 1645 instincta
901 1591 982 1661 rabie,

23 1663 25 1682 '
73 1662 191 1716 noudum
210 1663 302 1716 saucia
320 1662 495 1716 invehebatur
511 1661 662 1727 ordinibus,
681 1661 766 1714 donec
786 1670 870 1713 rector
888 1661 984 1714 beluae

23 1731 24 1758 ³
73 1749 165 1800 regem
184 1732 320 1802 conspexit
340 1731 482 1784 fluentibus
501 1731 639 1785 membris⁵
659 1731 819 1798 omissisque
838 1731 920 1783 armis
939 1731 984 1784 vix

73 1809 225 1870 compotem
236 1801 342 1854 mentis.
358 1831 361 1835 >
378 1801 448 1853 Tum
460 1799 568 1852 beluam
580 1800 606 1852 in
619 1799 709 1867 fugam
722 1800 841 1866 concitat,
855 1807 984 1868 sequente

23 1871 24 1900 r
74 1869 242 1922 Alexandro:
262 1869 312 1921 sed
330 1885 416 1937 equus
435 1867 494 1936 ejus
513 1868 605 1922 multis
620 1867 923 1922 vulneribus'coniossus
938 1869 984 1920 ‹le-

74 1939 219 2006 ficiensque
231 1937 375 2006 procubuit,
388 1937 473 2006 posito
484 1937 569 2005 magis
581 1954 651 2005 rege,
663 1940 744 2006 quam
763 1936 855 1990 effuso.
891 1937 985 2006 ltaque

75 2006 139 2059 dum
164 2023 262 2076 equum
287 2015 379 2076 mutat,
404 2006 504 2058 tardius
526 2006 663 2058 insecutus
686 2015 735 2058 est.
772 2005 880 2060 Interim
904 2005 985 2060 irater

75 2075 183 2143 Taxilis,
209 2076 278 2142 regis
297 2075 428 2144 ludorum,
452 2076 614 2144 praemissus
637 2076 672 2129 ab
696 2075 854 2142 Alexandro,
876 2093 985 2130 monere

76 2145 165 2213 coepit
183 2145 288 2213 Porum,
308 2161 342 2196 ne
361 2144 455 2198 ultime
474 2159 507 2198 ex
527 2145 587 2196 eriri
606 2155 798 2215 perseveraret,
821 2146 985 2218 dederetque

76 2231 105 2267 se
118 2212 217 2267 victori.
253 2215 288 2266 At
300 2213 353 2283 ille,
366 2230 447 2283 quam
465 2230 501 2266 ua
542 2214 687 2267 exhaustae
700 2221 774 2268 erent
787 2215 865 2284 vires,
878 2215 984 2268 deficie-

75 2285 176 2358 batque
194 2282 310 2350 sanguis,
329 2292 419 2338 11111111
434 2231 468 2335 ed
486 2294 575 2336 notam
592 2301 688 2340 vocem
705 2285 842 2352 excitatus,
856 2288 984 2353 Agnosco,

77 2351 168 2421 inquit,
189 2351 288 2404 Taxilis
308 2351 423 2420 fratrem,
445 2353 548 2422 imperii
568 2354 694 2424 remrique
718 2353 757 2408 sui
781 2353 933 2424 proditoris:
958 2363 984 2406 et

77 2421 168 2490 telum,
190 2420 260 2490 quod
280 2437 362 2475 unum
382 2420 447 2474 forte
467 2439 519 2476 non
542 2423 688 2493 effluxerat,
710 2424 832 2476 contorsit
855 2425 880 2476 in
905 2439 984 2475 eum:

77 2490 146 2560 quod
159 2507 205 2558 per
217 2490 335 2544 medium
347 2498 441 2558 pectus
452 2493 598 2559 penetravit
615 2493 650 2546 ed
668 2502 782 2560 tergum.
817 2493 873 2544 Hoc
893 2491 985 2543 ultimo

78 2560 182 2612 virtutis
203 2576 283 2629 opere
307 2559 384 2628 edito,
409 2559 500 2627 sugere
524 2561 611 2614 acrius
630 2562 731 2629 coepit:
756 2560 803 2612 sed
828 2559 986 2628 elephantus

77 2645 188 2698 queque,
207 2629 252 2698 qui
271 2629 356 2684 multa
375 2638 516 2698 exceperat
537 2627 597 2696 tela,
616 2629 767 2682 deficiebat.
804 2629 897 2696 ltaque
918 2628 984 2680 sistit

76 2697 175 2767 iugem,
195 2699 368 2768 peditemque
388 2699 510 2767 sequenti
528 2697 597 2750 hosti
614 2697 719 2767 objecit.
754 2697 816 2752 Jam
834 2695 986 2752 Alexander

106 2858 114 2881 ¹
127 2851 211 2899 ‘With
223 2853 264 2900 the
273 2853 347 2901 trunlr
355 2853 371 2911 ;’
382 2853 418 2901 fol·
428 2853 469 2901 the
475 2855 590 2916 proboscis
601 2853 630 2901 oi
635 2853 677 2901 the
688 2853 800 2913 elepbent
811 2869 870 2911 was,
880 2853 941 2902 from
953 2853 984 2902 ite

78 2925 130 2967 use,
144 2911 221 2960 called
232 2911 282 2959 also
292 2929 384 2962 moues.

105 2979 171 3027 tSee
185 2979 265 3028 Grom.
277 2979 354 3034 1275,
367 2996 390 3036 a,
406 2978 456 3026 ‘sor
466 2993 481 3025 1
491 2986 557 3036 great
568 2986 620 3037 part
631 2976 659 3024 oi
670 2976 711 3025 the
723 2976 787 3037 day!

106 3045 133 3075 ¹“
142 3044 197 3092 The
204 3044 349 3112 ieartwhioh
357 3045 414 3104 they
421 3043 467 3092 hed
475 3041 548 3091 oi'the
556 3043 691 3112 elephante)
700 3042 743 3091 left
750 3058 782 3090 uo
789 3058 871 3092 means
879 3041 982 3098 untried,

77 3114 119 3154 not
130 3103 171 3152 onl
197 3113 224 3150 to
234 3103 278 3150 lull
289 3104 363 3158 them,
378 3105 419 3150 but
436 3117 498 3150 even
514 3113 538 3150 to
555 3101 629 3150 inflict
645 3103 669 3150 in
683 3101 756 3150 death
772 3118 839 3150 some
855 3101 985 3151 additional

77 3163 149 3224 puin!
216 3159 243 3209 at'
251 3161 291 3210 the
303 3161 403 3209 soldiers
411 3161 670 3222 hadenyintention'to
678 3161 751 3210 inflict
760 3177 920 3221 unnecessery
928 3161 985 3220 pain

77 3238 141 3283 upon
151 3221 193 3269 the
204 3220 304 3268 animala
315 3236 352 3266 we
368 3230 455 3268 cannot
471 3220 507 3268 ior
517 3236 531 3268 u
542 3229 647 3268 moment
663 3220 771 3269 believe:
789 3221 838 3268 this
854 3229 983 3268 statement

78 3283 99 3331 is
110 3297 124 3330 e
134 3295 200 3330 mere
211 3277 337 3327 rhetorical
348 3279 526 3338 exaggeratius.

106 3349 115 3374 ⁴
129 3343 185 3417 ‘lle¹
193 3342 274 3416 rather
281 3341 313 3416 let
323 3341 364 3390 the
373 3342 478 3391 missiles
485 3343 531 3402 slip
538 3352 579 3391 out
587 3341 615 3390 ot'
621 3340 659 3390 his
666 3341 807 3392 hendstban
814 3342 891 3390 threw
898 3341 983 3390 them)

108 3417 115 3440 ¹
128 3414 133 3434 ¹
144 3407 214 3456 With
225 3407 263 3456 hrs
275 3405 346 3456 hmbs
357 3405 453 3455 relexed
465 3406 511 3454 and
521 3405 669 3468 powerless.’
