2410 3890
111 239 149 294 80
378 250 417 290 os
440 250 546 291 essars
568 251 753 292 anaxrnuar.

112 369 169 416 tum
181 369 209 414 et
220 361 376 429 Euphraten
391 365 440 430 est,
456 358 583 412 indutam
595 359 667 412 filiae
678 357 763 428 offert,
772 375 855 429 quara
864 359 913 416 tibi
924 361 1020 416 tradit:

112 429 217 485 Ochum
239 428 332 497 filium,
352 445 435 498 quem
455 427 547 498 hahes,
569 429 643 498 pacis
662 438 689 482 et
708 429 772 482 fidei
789 429 909 484 obsidem
929 431 1020 502 retine,

112 509 226 554 matrem
238 507 265 552 et
283 498 353 552 duas
364 498 479 566 virgines
496 497 566 551 filias*
583 497 680 552 redde:
700 515 745 568 pro
764 498 849 552 trihus
866 501 1020 568 corporibus

112 570 218 637 triginta
243 567 319 622 milia
343 566 472 621 talentum
495 569 562 620 auri¹
600 577 701 622 recatus
726 569 849 637 accipias.
885 569 945 622 Nisi
962 587 1015 624 mo·

113 638 276 690 demtionem
288 637 371 691 animi
389 637 428 690 tui
447 645 537 690 notam
549 584 677 690 halterem
690 654 741 690 uon
754 637 870 691 dicerem
889 638 940 692 hoc
960 657 1020 692 esee

114 716 228 777 tempus,
247 723 299 778 quo
322 724 417 776 pacem
441 723 491 759 non
516 705 579 758 dare
603 705 697 776 solum,
719 707 869 764 sedetiam
890 724 1021 778 occupare

113 776 246 830 deberes.¹
287 777 409 846 Respice,
433 785 563 845 quantum
586 784 695 844 postte
720 777 873 846 reliqueris:
907 777 1019 847 intuere,

113 856 241 915 quantum
254 855 339 916 petas·
374 844 554 898 Periculosum
567 854 608 898 est
619 861 763 914 praegrave
776 847 932 916 imperium:
951 847 1026 900 dtffi:

113 915 164 968 oile
182 925 223 970 est
241 916 313 969 enirn
334 915 476 984 continere,
489 915 559 982 quod
580 930 676 984 capere
695 932 745 968 non
766 915 858 984 possis.
894 915 1019 986 Videsne,

114 993 142 1038 ut
154 985 268 1056 navigia,
281 1002 350 1054 quae
369 983 478 1037 modum
497 983 637 1052 excedunt,
651 985 705 1052 regi
724 986 879 1054 nequeantl
914 985 1019 1055 Nescio,

113 1056 158 1110 an³
170 1055 272 1108 Dareus
284 1054 344 1107 ideo
357 1066 412 1106 tarn
428 1053 513 1126 rpulta
525 1053 650 1123 amiserit,
663 1053 726 1123 quia
746 1055 843 1108 nimiae
864 1072 930 1134 opes
946 1073 1020 1122 mag·

29 1167 35 1186 .
113 1141 164 1180 nae
186 1125 304 1194 jacturae
328 1123 417 1176 locum
448 1122 556 1176 iaciunt.
600 1121 718 1176 Facilius
741 1124 881 1194 ‘quaedam
904 1141 1019 1192 vincere,

27 3580 68 3624 Ιι

113 1211 194 1265 quam
215 1194 300 1246 tueri:
324 1209 414 1262 quam,
435 1190 552 1261 hercule,
574 1191 723 1262 expeditius
744 1211 839 1246 manus
858 1204 961 1248 nostrae
980 1211 1020 1246 ra·

113 1265 196 1334 piant,
215 1279 298 1332 quarn
316 1259 466 1314 continent!
504 1257 564 1330 Ipsa
582 1279 653 1314 ruore
672 1263 760 1316 uxoris
779 1263 858 1316 Darei
876 1263 1019 1319 admonere

113 1343 140 1387 te
152 1342 245 1402 potest,
259 1332 347 1385 miuus
357 1331 414 1400 jam
425 1329 621 1384 misericordiae
634 1340 695 1384 tuae
708 1332 795 1401 licere,
808 1349 889 1402 quarn
902 1333 985 1386 licuit.

148 1408 191 1455 44.
210 1400 361 1454 Alexander
390 1400 485 1470 legatis
503 1399 634 1453 excedere
655 1399 825 1454 tabernaculo
847 1401 936 1473 jussis,
956 1401 1032 1472 quid.

113 1470 230 1542 placeret
241 1470 276 1523 ad
287 1439 425 1526 consilium
438 1468 526 1522 relert.
563 1469 614 1523 Diu
632 1487 712 1524 nemo
730 1471 792 1540 quid
814 1471 922 1524 sentiret
940 1488 1021 1524 ausus

113 1549 153 1594 est
165 1541 263 1610 dicere,
277 1538 378 1594 incerta
394 1540 464 1608 regis
476 1539 630 1592 voluntates
661 1539 783 1594 Tandem
796 1541 945 1610 Parmenio,
958 1550 1020 1594 ante

114 1611 247 1678 suasisse,⁶
269 1609 313 1678 ait,
339 1619 367 1662 ut
390 1610 511 1678 captivos
533 1609 604 1678 apud
637 1609 796 1663 Damascum
829 1609 1021 1665 redimentibus

114 1679 253 1748 redderet,
278 1679 414 1746 ingentem
437 1677 579 1748 pecuniam
602 1679 719 1748 potuisse
741 1679 825 1748 redigi
849 1697 884 1734 ex
907 1679 955 1748 his,
974 1679 1020 1748 qui

113 1749 190 1803 multi
210 1748 291 1802 vincti
308 1749 424 1800 virorum
440 1747 547 1800 fortium
571 1757 729 1818 occuparent
749 1765 852 1802 manus.
896 1749 930 1802 Et
950 1766 1021 1802 nunc

113 1835 273 1888 magnopere
285 1833 403 1887 censere,
416 1826 445 1870 ut
457 1833 538 1870 unam
550 1834 630 1870 arrum
644 1825 670 1870 et
687 1815 754 1870 duas
771 1818 883 1888 puellas,
897 1819 1020 1872 itinerum

112 1890 303 1958 agminumque
327 1887 526 1959 impedimenta,
550 1886 657 1954 triginta
680 1886 789 1941 milibus
813 1887 941 1941 talentum
964 1888 1021 1942 auri

131 1967 254 2012 ermutet.
288 1958 414 2028 Opimum
426 1974 536 2026 regnum
549 1973 680 2028 occupare
692 1956 780 2025 posse⁶
791 1957 954 2028 condicione,
970 1974 1020 2010 non

112 1975 189 2098 hello,
204 2044 253 2080 nec
265 2043 427 2097 quemquam
445 2027 529 2080 alium
549 2027 616 2080 inter
633 2027 729 2079 Istrum
747 2034 772 2080 et
792 2021 944 2096 Euphrahen
963 2043 1020 2098 pos-

113 2097 215 2150 sedisse
234 2105 318 2150 terras
334 2096 435 2164 ingenti
454 2097 537 2164 spatio
554 2095 743 2165 intervalloque
756 2097 891 2150 discretas.
927 2097 1020 2150 Mace·

112 2166 219 2219 doniam
236 2178 342 2235 quoque
359 2165 447 2234 potius
462 2165 615 2233 respiceret,
630 2181 711 2233 quam
730 2165 824 2218 Bactra
842 2175 868 2219 et
887 2163 965 2219 lndos
983 2165 1020 2217 in-

113 2243 238 2287 tueretur.
274 2235 379 2302 Ingrata
390 2233 472 2286 oratio
485 2231 540 2300 regi
558 2232 617 2286 snit.
652 2234 745 2304 ltaque
764 2244 793 2288 ut
811 2236 894 2289 finem
914 2233 1021 2288 dicendi

113 2303 183 2371 fecit,
209 2303 243 2356 Et
265 2318 322 2372 ego,
343 2302 435 2372 inquit,
457 2304 600 2371 pecuniam
622 2319 702 2371 quarn
728 2303 837 2372 gloriam
856 2305 974 2374 mallem,
998 2304 1021 2357 si

112 2371 250 2428 Parmenio
270 2387 368 2425 essem.
403 2373 483 2425 Nunc
501 2369 661 2440 Alexander,
682 2371 717 2426 de
737 2383 891 2494 paupertate
912 2389 1021 2428 securus

113 2459 172 2496 sum
192 2449 219 2492 et
237 2457 282 2494 me
297 2458 349 2494 non
361 2449 537 2494 mercatorem
549 2440 660 2494 memini
672 2457 740 2512 esse,
753 2455 781 2496 se
813 2459 912 2512 regern.
948 2441 1021 2496 Nihil

142 2544 206 2591 ¹We
218 2553 304 2592 cannot
316 2543 372 2592 take
384 2539 433 2590 this
442 2553 546 2590 tomeun
559 2543 662 2592 ‘talenta
673 2544 701 2592 of
707 2543 780 2604 gold.¹
809 2543 864 2592 'l'he
875 2559 930 2592 eum
941 2543 1021 2590 would

112 2606 143 2652 be
153 2613 194 2651 too
205 2617 342 2651 enormous.
373 2602 428 2651 The
439 2602 545 2662 genitive
556 2605 613 2650 uari
623 2613 688 2651 must
698 2605 729 2652 be
740 2603 872 2652 translated
886 2604 924 2652 ‘in
937 2602 993 2664 gold
1002 2603 1018 2659 ;'

113 2664 165 2712 that
177 2663 206 2720 is,
219 2663 261 2710 the
273 2667 360 2722 mone'y
371 2677 422 2710 was
438 2671 464 2709 to
479 2663 509 2710 he
520 2661 575 2722 paid
590 2661 615 2710 in
630 2661 687 2723 gold
702 2662 779 2710 coins.
811 2662 873 2710 This
884 2663 904 2710 is
916 2662 1019 2722 particu-

113 2722 173 2782 larly
194 2721 341 2778 mentioned,
362 2722 466 2790 because
487 2721 512 2768 in
534 2720 628 2769 Graece
645 2737 661 2768 a
676 2721 751 2770 talant
771 2737 822 2770 was
843 2722 899 2782 paid
920 2723 945 2770 in
962 2723 1021 2769 6000

112 2781 343 2830 arnume-silvan
353 2795 429 2830 corne.

141 2841 195 2888 ‘lle
206 2856 262 2899 says
274 2841 298 2888 in
308 2839 389 2897 effect,
403 2838 475 2888 ‘Yon
486 2838 561 2900 ought
572 2848 614 2887 not
625 2839 682 2899 only
691 2849 716 2887 to
724 2849 793 2908 grant
805 2855 832 2888 so
843 2839 1021 2900 advantegeous

113 2897 773 3007 attanlttttlttrtlttlrttltttttltrli
788 2897 1021 3006 lt‘lttlttlt

113 2973 160 3066 had
171 3017 201 3064 he
213 3026 254 3064 not
265 3015 355 3065 known
366 3017 407 3065 the
419 2993 606 3066 moderation’of
618 3015 782 3066 Alexander’s
793 3016 867 3066 mind.

142 3081 151 3106 ³
162 3082 167 3102 ¹
178 3075 190 3124 1
202 3074 274 3123 know
285 3085 326 3123 not
338 3075 433 3131 indeed,
446 3077 489 3124 but
501 3075 574 3135 perha
591 3075 622 3130 e,'
637 3075 685 3124 duc.

142 3136 184 3183 *Α
200 3134 378 3182 characteristic
394 3133 484 3183 feature
501 3133 528 3184 ol
545 3150 559 3182 a
575 3091 657 3194 ling's
674 3133 775 3202 council.
807 3133 832 3203 It
846 3133 964 3194 certainly
980 3143 1020 3182 too

112 3193 179 3244 often
189 3193 297 3252 happens
307 3193 359 3240 that
370 3192 412 3241 tho
423 3193 543 3242 members
553 3192 581 3240 of
588 3192 648 3241 such
659 3192 776 3241 aoouncrl
786 3203 844 3241 wart
854 3204 880 3242 to
891 3195 948 3242 hear
959 3192 1022 3241 their

113 3253 226 3302 master’s
237 3251 343 3320 omnipo,
355 3250 402 3320 and
413 3249 486 3320 then,
499 3251 622 3299 whatever
638 3253 668 3300 be
684 3250 747 3301 their
762 3267 818 3300 own
835 3253 927 3313 private
946 3251 1019 3302 senti·

112 3311 330 3430 mllllheollllnblleloll
341 3309 537 3424 lrvdtlsnomitted
550 3383 564 3415 a
575 3369 739 3416 construction
754 3385 867 3419 common
885 3368 981 3432 enough
997 3369 1022 3420 iu

113 3427 152 3478 lon
170 3445 196 3478 er
206 3444 231 3478 re
264 3427 317 3478 rtsd
327 3426 453 3488 speeches.
485 3426 532 3474 See
546 3425 625 3476 Grom.
638 3426 651 3478 0
663 3431 714 3476 385.

141 3493 150 3518 ·
180 3503 227 3548 upp
238 3503 254 3548 y
264 3487 306 3538 the
316 3485 453 3537 accusative
465 3485 493 3534 of
504 3483 546 3533 the
556 3500 644 3545 person
655 3485 794 3544 addressed,
807 3487 978 3538 Alexandrum·
