2264 3880
134 172 191 230 m
399 186 439 226 nr
462 185 568 226 crsrra
589 185 774 228 iterarunt.

133 305 181 368 est,
195 295 283 350 inania
300 295 422 366 sepulcra
440 311 500 348 esse
519 311 617 364 regum,
631 311 693 349 eum
711 304 879 366 satraparum
897 295 1055 351 domasse·

133 365 266 422 reminds
279 375 402 435 egestum
413 381 509 436 capere
524 381 574 417 non
591 365 711 434 possint?
748 364 825 424 Quod
838 365 874 418 ad
888 382 942 418 me
955 367 1053 435 attinet,

132 437 190 507 ipse
202 435 252 488 boe
264 435 373 489 bustum
385 445 446 488 ante
458 451 508 488 non
522 433 655 488 videram:
675 434 722 488 sed
734 451 769 487 ex
782 436 871 488 Dareo
890 435 935 486 ita
955 437 1053 504 accepi,

133 506 182 559 tria
194 505 268 558 milia
281 505 411 561 talentum
422 504 530 559 condita
542 519 602 556 esse
614 521 676 556 cum
688 504 764 573 Cyro.
801 503 873 556 Hinc
893 504 946 556 illa
966 504 1053 572 benig-

132 575 201 628 nitas
221 575 247 627 in
267 583 300 643 te,
323 583 358 643 ut,
378 573 448 643 quod
473 573 581 643 impune
605 573 704 626 habere
727 589 779 626 non
802 581 912 644 poterat
939 575 1051 642 Orsines,

132 643 253 696 donando
271 645 353 697 etiarn
369 643 482 712 gratiam
500 643 584 696 iniret.
621 643 804 696 Concitaverat
814 642 874 712 jam
884 640 1020 696 animum
1029 644 1051 695 iu

131 714 212 766 iram:
232 731 295 766 eum
307 713 342 782 hi,
355 713 451 782 quibus
467 713 602 780 negotium
620 711 693 766 idern
711 712 828 780 dederat,
844 715 1049 782 superveniunt

131 783 199 836 Hinc
211 783 320 853 Bagoas,
334 782 442 836 hincab
454 799 486 834 eo
498 781 640 850 subornati,
655 781 730 834 falsis
744 781 904 834 criminibus
918 791 1050 852 occupant

77 889 81 898 .
130 867 216 906 aures.
253 855 405 924 Antequam
417 851 535 904 accusari
548 868 577 904 se
589 851 766 920 suspicaretur
775 851 892 920 Orsines,
905 851 934 904 in
945 852 1051 904 vincula

131 931 172 975 est
192 923 310 976 traditus.
346 923 406 974 Non
426 929 566 973 contentus
589 921 718 988 supplicio
738 920 849 973 insontis
871 921 973 990 spado,
997 923 1050 991 ipse

130 993 254 1044 morituro
272 1006 380 1046 manum
399 989 500 1060 injecit.
536 989 623 1048 Quem
636 991 742 1044 Orsines
757 990 872 1060 intuens,
885 991 1048 1059 Audieram,

130 1061 220 1130 inquit,
234 1061 261 1114 irr
279 1061 345 1114 Asia
361 1060 426 1114 olim
443 1075 567 1128 regnasse
585 1058 707 1130 seminas,
726 1059 777 1115 hoc
792 1075 855 1112 vero
874 1076 986 1114 novum
1005 1069 1048 1129 est,

130 1146 240 1198 regnare
260 1128 421 1183 castratum!
459 1129 509 1182 Hic
528 1128 578 1181 fuir
601 1129 688 1182 exitus
710 1127 869 1182 nobilissimi
893 1130 1049 1199 Persarum,

128 1216 180 1253 nee
191 1201 300 1252 insontia
312 1200 398 1268 modo,
409 1197 455 1251 sed
469 1197 584 1262 eximiae
597 1215 701 1268 quoque
713 1197 888 1266 benignitatis
902 1200 932 1252 iu
946 1217 1049 1268 regern.

130 1268 234 1321 Eodem
258 1277 376 1338 tempore
400 1268 565 1336 Phradates‚¹
589 1285 700 1336 regnum
724 1267 867 1322 affectasse
890 1279 1047 1338 suspectus,

128 1337 265 1390 occiditur.
301 1337 430 1406 Coeperat
446 1353 506 1390 esse
518 1354 646 1408 praeceps
657 1337 692 1390 ad
705 1337 935 1408 repraesentanda
948 1340 1049 1408 suppli·

128 1406 178 1476 cia,
192 1407 256 1459 item
269 1405 303 1459 ad
315 1406 446 1459 deteriora
457 1406 599 1459 credenda.
630 1407 735 1460 Scilicet
748 1423 790 1459 res
801 1406 944 1462 secundae
957 1411 1048 1462 valent

127 1483 434 1546 communicatorem,
448 1485 475 1528 et
493 1493 550 1529 raro
568 1477 711 1548 quisquam
729 1493 793 1546 erga
809 1475 880 1528 bona
900 1479 967 1530 eua²
986 1480 1050 1531 satis

127 1553 222 1598 cautus
240 1554 289 1598 est.
325 1545 401 1599 Idem
419 1547 490 1599 enirn
509 1545 587 1615 paulo
605 1555 667 1598 ante
686 1546 835 1615 Lyncesten
855 1544 1049 1600 Alexandrum

127 1613 244 1669 delatum
264 1632 281 1668 a
297 1615 402 1669 duobus
418 1615 550 1668 indicibus
566 1615 692 1668 damnare
706 1632 758 1668 nou
770 1613 945 1684 sustinuerat,
960 1617 1047 1670 humi-

127 1683 205 1738 liores
216 1702 321 1755 quoque
333 1702 391 1738 reos
403 1694 493 1738 contra
507 1702 583 1738 suarn
596 1685 765 1754 voluntatem,
779 1685 841 1753 quia
853 1687 959 1738 ceteris
975 1687 1048 1739 vide·

127 1754 222 1807 bantur
240 1755 363 1824 insontes,
376 1771 473 1823 passus
488 1754 605 1822 absolvi3
624 1753 745 1808 hostibus
756 1753 833 1806 victis
851 1769 938 1822 regna
957 1756 1048 1808 reddi·

126 1823 215 1876 derat:
228 1823 262 1877 ad
275 1824 400 1877 ultimum
414 1840 474 1877 vero
487 1823 523 1875 ita
536 1832 592 1876 tum
604 1823 639 1876 ab
652 1823 794 1893 semetipso
805 1821 998 1894 degenerarit,
1012 1837 1046 1894 ut,

126 1892 242 1946 invictus
260 1893 394 1964 quondam
412 1893 541 1946 adversus
564 1893 702 1946 libidinem
721 1893 811 1959 animi
830 1892 944 1945 arbitrio
966 1897 1048 1948 scorti

124 1962 183 2015 aliis
195 1980 276 2032 regna
288 1964 369 2034 daret,
382 1961 443 2016 aliis
454 1963 586 2016 adimeret
597 1961 689 2015 vitam.
844 2013 847 2016 r
1040 1999 1047 2016 .

160 2037 184 2085 6.
204 2033 304 2086 lisdem
317 2032 373 2084 fere
385 2031 481 2086 diebus
493 2031 595 2084 litteras
606 2032 702 2102 accipit
714 2031 749 2084 de
761 2029 840 2083 rebus
852 2030 878 2082 in
892 2031 1011 2103 Europa
1023 2046 1047 2087 et

125 2103 190 2154 Asia
207 2103 296 2172 gestis,
318 2101 384 2154 dum
404 2101 462 2170 ipse
486 2101 591 2154 Indiam
614 2102 727 2170 subegit.
765 2100 883 2170 zopyris,
905 2101 1047 2156 Thraciae

144 2171 295 2240 raepositus,
309 2187 372 2224 cum
390 2171 587 2240 expeditionem
606 2172 631 2223 in
644 2171 736 2224 Getas³
747 2170 854 2236 laceret,
869 2175 1047 2239 tempestati·

124 2187 174 2292 bus
191 2239 368 2310 procellisque
387 2240 473 2292 subito
491 2241 593 2310 coortis,
607 2257 669 2293 curu
689 2248 740 2292 toto
758 2239 876 2292 exercitu
893 2255 1048 2309 oppressas

124 2317 187 2361 erat.
223 2308 283 2366 Qua
294 2310 399 2376 cognita
410 2309 495 2377 clade,
508 2309 621 2362 Seuthes
633 2309 759 2378 Odrysas⁴
770 2307 911 2379 populares
929 2327 1001 2364 suos
1012 2313 1047 2364 ad

124 2377 303 2431 defectionem
322 2377 493 2446 compulerat.
530 2379 639 2431 Amissa
655 2380 846 2448 propemodum
865 2377 998 2450 Thracia,
1013 2398 1047 2434 ue

123 2447 235 2520 Graecia
247 2447 357 2518 quidem
376 2449 393 2483 *
413 2449 430 2483 *
449 2449 466 2483 *

381 2593 544 2636 FREINSHEMH
562 2601 765 2636 EUPPLEHENTUM.
797 2615 800 2622 ·

122 2687 275 2748 [tumultibus
284 2689 431 2738 inconcussa
439 2685 537 2735 mansit.
554 2685 620 2734 Nam
629 2686 776 2746 Alexander,
785 2687 871 2749 punita
880 2693 1044 2754 satraparum

121 2755 272 2814 quorundam
290 2753 429 2811 insolentia,
440 2767 521 2814 quam,
533 2752 591 2800 dum
603 2752 629 2800 in
641 2757 749 2800 extreme
760 2755 815 2800 orbe
827 2751 949 2803 Indorum
961 2758 1044 2806 armis

121 2817 245 2876 attinetur,
257 2835 300 2882 per
317 2833 414 2867 summa
431 2817 525 2866 scelera
542 2823 613 2879 atque
630 2815 728 2880 flagitia
744 2817 771 2866 in
788 2817 955 2879 provinciales
971 2838 1043 2871 exer-

121 2889 229 2941 caeram,
236 2890 373 2932 ceterorum
387 2888 480 2931 metum
492 2881 643 2930 intenderat:
655 2883 697 2946 qui
709 2883 847 2944 inparibus
858 2883 960 2934 delictis
972 2887 1042 2937 idem

121 2947 284 2996 admissorum
304 2949 440 3011 praemium
461 2953 626 3009 expectantes,
647 2948 673 2995 in
693 2948 902 2998 mercenariorum
926 2953 1042 3002 militam

148 3079 155 3102 ι

146 3137 156 3162 ²
167 3073 331 3194 ‘Sriegrlilllstllls
341 3132 404 3192 good
414 3130 509 3180 fortune
517 3131 533 3188 ;’
545 3139 595 3188 not,
607 3146 633 3178 as
644 3132 724 3189 usual,
739 3133 848 3193 ‘against
858 3131 899 3181 his
909 3149 971 3184 own
981 3153 1039 3198 pm.

118 3202 221 3297 pelt'llre
234 3251 312 3318 Getae
323 3263 387 3297 were
403 3263 433 3296 an
449 3247 611 3307 independens
626 3248 716 3296 branch
732 3249 761 3297 oi
771 3250 813 3298 the
844 3261 895 3300 reat
907 3251 1039 3306 Thracian

118 3323 181 3375 rece,
194 3307 310 3367 dwelbng
325 3315 350 3354 to
366 3305 406 3354 the
423 3306 493 3354 north
509 3307 537 3354 os
548 3307 590 3354 the
602 3307 712 3355 Haemus
727 3265 872 3367 monetales,
887 3312 936 3360 and
947 3327 983 3363 on
995 3317 1039 3367 the

116 3380 182 3413 river
192 3365 256 3412 Ister
267 3365 394 3420 (Danube).

146 3428 155 3451 ⁴
165 3423 190 3470 A
202 3421 323 3472 Thracum
333 3423 402 3471 tribe.
