2314 3886
499 233 591 274 arasa
612 233 664 272 vrr.
983 217 1039 275 trs

125 341 231 412 longius
241 343 345 411 ceteris,
358 341 510 394 admovisse
522 341 618 394 nemeti
652 358 681 394 cs
698 339 775 394 lateri
793 358 848 410 soc,
861 340 935 394 nulla'
945 341 1038 411 proba·

125 411 174 468 bili
186 429 283 466 causa:
303 428 385 481 seque
398 412 547 478 mirantem,
560 427 613 479 quo
644 427 694 462 non
707 411 767 462 vice
779 428 828 464 sua
839 409 885 464 tali
897 409 1038 479 fungeren-

125 490 170 535 tur
182 481 278 551 officio,
292 491 318 535 et
331 483 389 550 ipsa
401 479 574 550 trepidatione
587 496 678 532 eorum
696 481 870 549 perterritum,
885 489 991 533 strenue
1003 481 1038 534 ad

125 552 279 621 armigeros,
301 551 346 620 qui
370 550 488 621 proxime
513 549 703 617 sequebantur,
721 550 871 602 recessisse.
908 551 950 602 Ad
971 551 1039 604 haec

125 621 264 686 accedere,
285 619 355 690 quod
376 637 438 673 cum
458 617 631 686 Antiphanes,
652 616 739 671 scriba
756 619 884 687 equitum,
904 623 1038 689 Amyntae

126 689 319 759 denuntiasset,
329 689 414 759 pridie
426 705 506 758 quarn
516 687 637 740 Philotae
649 686 737 739 scelus
749 687 945 755 deprehensum
957 698 1037 758 esset,

126 768 157 813 ut
169 777 204 812 ex
215 761 270 812 suis
282 759 358 828 equis
369 775 442 812 more
455 757 530 810 solito
544 756 619 808 daret
632 755 673 808 bis
688 757 734 824 qui
750 756 910 826 amisissent,
924 759 1037 826 superbe

127 829 301 900 respondisse,
316 828 366 881 nisi
383 829 489 897 incepto
504 826 652 894 desisteret,
667 825 741 878 brevi
759 827 883 878 sciturum
904 829 963 894 quis
980 828 1037 896 ipse

126 907 207 951 esset.
243 900 304 952 Jam
324 899 431 966 linguae
449 895 609 948 violentiam
624 895 856 964 temeritatemque
877 895 1037 966 verborum,¹

124 984 198 1037 quae
221 968 247 1020 in
271 971 445 1036 semetipsum
467 965 653 1036 jacularentur,
678 963 743 1016 nihil
768 964 841 1024 aliud
865 981 932 1034 esse,
957 981 1038 1034 quarn

126 1036 234 1089 scelesti
246 1036 328 1088 animi
340 1037 455 1089 indicem
469 1052 501 1087 ac
514 1043 619 1087 testem.
655 1034 732 1092 Quae
744 1032 765 1085 si
778 1050 841 1086 vera
854 1044 950 1100 essent,
964 1035 1037 1089 idem

126 1106 259 1158 meruisse
277 1121 330 1172 eos,
348 1105 417 1174 quod
436 1104 576 1171 Philotam,
593 1105 615 1156 si
633 1101 709 1172 falsa,
723 1103 829 1171 exigere
848 1103 943 1172 ipsum,
958 1115 986 1157 ut
999 1121 1037 1158 re·

126 1173 228 1228 fallant.
264 1173 410 1227 Productus
428 1173 525 1226 deinde
544 1172 717 1242 Antiphanes,
731 1172 765 1224 de
778 1172 854 1241 equis
868 1190 920 1226 non
937 1174 1038 1228 traditis

126 1252 155 1297 et
167 1243 280 1312 adjectis
291 1244 372 1296 etiam
385 1242 497 1312 superbe
510 1243 590 1294 minis
602 1242 711 1294 indicat.

162 1317 186 1364 3.
206 1314 275 1366 Tum
293 1315 431 1382 Amyntas,
451 1313 522 1364 facta
539 1311 647 1364 dicendi
665 1320 802 1381 potestate,
816 1311 842 1364 si
855 1311 929 1381 nihil,
943 1312 1035 1384 inquit,

127 1383 236 1436 interest
255 1383 330 1450 regis,
344 1392 413 1454 peto,
427 1391 462 1450 ut,
476 1381 541 1434 dnm
553 1381 620 1450 dico,
633 1381 747 1434 vinculis
762 1380 866 1435 liberer.
902 1383 959 1435 Rex
971 1383 1037 1437 solvi

125 1460 267 1521 utrumque
278 1451 368 1522 jubet:
383 1451 595 1519 desiderantique
608 1454 749 1520 Amyntae,
763 1459 791 1503 ut
804 1449 920 1504 habitus²
931 1469 1036 1522 quoque

126 1521 281 1574 redderetur
303 1521 433 1590 armigeri,
455 1520 576 1573 lanceam
601 1521 657 1572 dari
679 1520 766 1588 jussit.
802 1520 889 1578 Quam
911 1529 939 1574 ut
959 1521 1036 1576 laeva

124 1590 333 1660 comprehendit,
346 1592 444 1643 evitato
456 1607 488 1642 eo
500 1590 567 1660 loco,
580 1589 605 1642 iu
621 1606 671 1658 quo
683 1588 828 1644 Alexandri
845 1607 940 1658 corpus
957 1591 1036 1660 paulo

124 1669 187 1713 ante
207 1660 333 1730 jacuerat,
351 1661 556 1728 Qualiscnnqne,
576 1659 668 1728 inquit,
687 1660 776 1712 exitus
795 1675 842 1712 nos
862 1669 961 1728 menet,
981 1677 1034 1732 rex,

124 1730 290 1797 confitemur,
304 1745 458 1799 prosperum
471 1731 518 1782 tibi
531 1729 685 1796 debiturus,³
697 1728 838 1781 tristiorem
854 1728 973 1780 fortunae
987 1731 1036 1784 im·

145 1807 270 1852 utaturos.
307 1799 367 1851 Sine
380 1798 551 1868 praejudicio⁴
563 1797 677 1850 dicimus
691 1814 808 1865 causam,
823 1796 912 1850 liberis
924 1801 1035 1867 corpori·

124 1815 176 1921 hus
193 1868 353 1935 animisque.
388 1868 514 1920 Habitum
533 1868 623 1933 etiam,
637 1867 662 1918 in
674 1883 725 1934 quo
738 1876 764 1919 te
774 1868 894 1918 comitari
910 1867 1034 1939 solemus,

125 1936 272 1990 reddidisti.
309 1937 423 1988 Causam
442 1952 494 1989 non
512 1951 660 2004 possumus,
674 1935 804 1988 fortunam
821 1936 914 1988 timere
931 1937 1034 1990 desine·

125 2023 194 2058 mus.
231 2007 265 2058 Et
284 2021 390 2074 quaeso,
405 2006 542 2073 permittas
554 2004 619 2057 mihi
632 2003 658 2056 id
671 2006 785 2073 primum
799 2004 950 2074 defendere,
962 2007 1034 2076 quod

125 2091 142 2127 a
163 2085 189 2127 te
210 2075 335 2128 ultimum
356 2073 490 2142 objectum
511 2082 560 2126 est.
595 2075 659 2140 Nos,
681 2090 734 2143 rex,
756 2074 884 2126 sermonis
907 2075 1035 2132 adversus

125 2143 297 2213 majestatem
310 2153 383 2196 tuam
395 2143 478 2197 habiti
490 2143 588 2196 nullius
600 2142 697 2195 conscii
716 2159 810 2196 sumus
827 2143 921 2197 nobis.⁶
956 2147 1034 2200 Dice·

126 2229 182 2266 rem
199 2213 360 2282 jampridem
372 2213 469 2266 vicisse
485 2221 511 2264 te
525 2212 672 2281 invidiam,⁸
684 2211 733 2266 nisi
746 2213 894 2280 periculum
907 2225 985 2284 esset,
998 2233 1034 2270 ne

125 2282 177 2335 alia
190 2283 340 2351 malignius⁷
351 2283 421 2335 dicta
433 2282 556 2336 crederes
567 2282 665 2334 blanda
676 2282 792 2352 qratione
809 2284 922 2352 purgari.
958 2286 1034 2339 Cete-

126 2369 182 2405 rum
196 2353 302 2406 etiamsi
314 2352 405 2405 militis
422 2353 460 2405 tui
474 2351 515 2405 vel
536 2353 563 2404 in
582 2353 690 2420 agmine
710 2351 860 2405 deficientis
878 2362 904 2405 et
922 2353 1033 2426 fatigati,

125 2421 169 2474 vel
188 2423 212 2474 in
230 2423 290 2476 acie
308 2421 486 2490 periclitantis,
501 2422 543 2474 vel
563 2423 590 2474 in
610 2421 779 2474 tabernaculo
797 2423 869 2490 aegri
884 2431 911 2475 et
924 2425 1033 2478 vulnera

124 2493 247 2562 curantis,
261 2493 350 2561 aliqua
362 2508 413 2544 vox
425 2491 541 2560 asperior
558 2500 629 2544 esset
645 2492 776 2560 accepta,8
787 2507 971 2545 merueramus
982 2493 1032 2546 for·

125 2561 195 2615 tibus
215 2561 299 2628 factis,
321 2569 349 2612 ut
371 2559 467 2614 malles
490 2577 523 2612 ea
545 2561 657 2628 tempori
681 2568 768 2612 nostro
792 2559 928 2630 imputare,
950 2579 1032 2631 quam

124 2631 221 2684 animo.
258 2631 324 2683 Cum
337 2629 400 2710 quid
413 2629 509 2682 accidit
522 2629 626 2696 tristius,
636 2645 730 2686 omnes
742 2629 779 2682 rei
791 2630 871 2699 ειιηῑ,9
881 2631 1032 2699 corporibus

125 2699 226 2769 nostris,
236 2717 305 2768 quae
314 2701 425 2769 utrque¹⁰
433 2715 484 2752 non
492 2697 605 2768 odimus,
616 2697 725 2750 infestas
733 2699 908 2752 admovemus
920 2717 1029 2754 manus:

140 2796 289 2930 ζὶ-Χόἷοῑῖξέιῑ,
298 2824 343 2930 qud
354 2823 410 2871 rash
421 2822 573 2884 expressions
584 2839 611 2870 or
622 2823 757 2884 language’

216 2899 231 2929 u
274 2919 279 2938 ,
319 2883 468 2930 ere‘arms.’

153 2945 162 2968 ¹
532 2941 537 2950 .

153 3003 163 3028 ⁴
173 2939 307 3048 ‘Sleilliodl
306 2941 694 3060 hdihtgotirtelidtllgrddlmllecldhhhs
705 3001 765 3057 that,
777 3000 847 3048 when
855 3000 881 3056 iu
890 3001 973 3051 chains
983 3002 1031 3053 and

125 3057 238 3164 depppvepl
249 3059 509 3166 qthgoarprp,cltrqhaq
516 3060 614 3132 seemed
625 3077 652 3109 as
663 3061 684 3108 rf
696 3059 960 3171 greadycpppeprned,
976 3124 999 3171 2

152 3182 161 3207 ⁸
173 3133 300 3232 Thmui
309 3134 419 3236 thaiyou
430 3134 777 3227 irilbdii⁸i²11ilidi⁰woidi⁸5
859 3155 865 3177 '
894 3156 900 3176 i
913 3136 944 3170 no
956 3137 970 3168 Θ

153 3235 201 3283 'In
213 3235 265 3304 ,thia
281 3235 441 3294 comparative
457 3236 478 3284 ia
494 3235 649 3306 impliedthe
660 3253 731 3286 sense
742 3237 770 3286 of
784 3239 864 3306 {too3’
877 3238 983 3306 hemely,
996 3239 1030 3300 by

125 3309 168 3354 sup
186 3295 193 3343 l
211 3310 252 3356 mg
262 3311 332 3355 qaam
339 3311 386 3356 par
396 3303 438 3350 est,
453 3299 533 3363 ‘ruore
544 3296 702 3357 malignantly
714 3297 772 3345 than
782 3313 803 3345 rs
814 3297 878 3358 right
889 3313 916 3345 or
926 3297 986 3344 farr.'

151 3359 160 3384 ⁸
199 3353 289 3414 amely,
301 3355 411 3409 cartham
423 3354 570 3412 equrvalent,
582 3354 711 3412 therefore,
723 3365 749 3404 to
759 3359 850 3405 cedda.

151 3417 160 3442 ⁹
172 3413 225 3462 ‘All
236 3429 276 3462 are
287 3412 390 3462 accused
398 3412 415 3470 ς’
428 3413 479 3462 that
490 3413 519 3472 is,
535 3419 586 3463 ‘we
596 3415 677 3464 blame
688 3415 735 3464 and
745 3430 831 3464 accuse
842 3429 917 3474 every
926 3412 992 3463 cue?

143 3475 159 3502 ¹⁰
171 3473 215 3522 ‘At
226 3472 259 3522 all
268 3472 371 3522 events.¹
