2314 3886
420 235 422 242 ’
465 229 557 272 uara
577 229 640 270 vm.
950 215 1008 270 245

97 338 202 408 lectica,
215 337 364 406 margaritis
375 337 662 408 circumpendentibus,
675 338 798 393 recubat:
812 336 936 391 distincta
948 347 1008 392 sunt

97 425 161 463 auro
179 417 205 460 et
224 425 338 477 purpura
350 409 466 476 carbasa,
481 424 549 476 quae
563 405 671 459 indutus
683 416 738 459 est:
757 407 879 460 lecticam
893 424 1008 476 sequun-

99 487 140 532 tur
158 477 252 530 armati
270 478 436 546 corporisque
455 475 585 541 custodes,
603 477 670 528 inter
685 493 751 544 quos
767 479 845 529 ramis
862 494 927 530 aves
945 494 1007 544 pen·

98 548 169 614 dent,
186 563 252 616 quas
269 554 347 598 cantu
367 546 442 600 seriis
461 545 540 600 rebus
557 545 719 614 obstrepere¹
737 545 891 598 docuerunt.
926 546 1008 614 Regia

97 625 204 668 auratas
223 614 361 668 columnas
384 615 481 667 habet:
506 624 574 668 totas
594 631 641 666 eae
661 612 722 667 vitis
740 631 803 666 auro
824 615 927 666 caelata
950 632 1007 684 per·

98 685 197 752 currit‚²
214 685 365 754 aviumque,
384 701 495 754 quarum
513 684 571 736 visu
589 684 706 736 maxime
723 683 847 752 gaudent,
865 693 1006 751 argenteae

98 754 202 822 effigies
225 770 305 822 opera
328 753 512 822 distingunrrt.³
550 754 633 820 Regia
656 752 816 806 adeuntibus
839 760 919 822 patet,
944 770 1007 816 cum

98 823 225 892 capillum
246 823 326 890 pectit
337 832 417 891 atque
429 830 517 875 ornat:
537 830 600 874 tunc
612 838 737 890 responsa
750 821 930 889 legationibus,
944 830 1007 874 tuuc

97 892 156 963 jura
174 891 341 962 popularibus
359 891 452 944 reddit.
469 930 472 938 ,
488 891 609 960 Demptis
626 891 713 957 soleis,
732 891 855 944 odoribus
873 890 1008 944 illinuntur

98 960 190 1042 pedes.
226 962 345 1013 Venatus
360 963 493 1014 maximus
511 960 583 1012 labor
600 971 640 1012 est
659 960 760 1013 inclusa
774 961 871 1012 vivario
883 958 1007 1012 animalia

99 1041 167 1083 inter
181 1039 240 1082 vota
253 1037 398 1099 cantusque
417 1030 544 1098 pellicum
562 1029 652 1096 figere.
690 1029 794 1084 Birrum⁴
805 1029 953 1083 cubitorum
967 1045 1007 1082 sa·

97 1101 180 1170 gittae
193 1111 261 1165 sunt,
275 1116 341 1168 quas
353 1101 475 1152 emittunt
487 1097 585 1167 majore
598 1097 654 1151 uisu
668 1115 748 1167 quam
761 1098 866 1151 effectu.
902 1098 1007 1167 Quippe

99 1168 190 1236 telum,
205 1166 281 1236 cujus
299 1167 326 1220 in
344 1167 453 1220 levitate
466 1167 507 1219 vis
521 1168 608 1220 omnis
625 1177 674 1236 est,
692 1167 799 1220 inhabili
819 1167 933 1237 pondere
946 1184 1007 1218 one·

99 1250 178 1290 ratur.
214 1236 337 1290 Breviura
355 1238 448 1290 itinera
466 1253 534 1304 equo
552 1237 672 1302 conticit;
690 1236 788 1304 longior
805 1236 851 1290 ubi
870 1236 1008 1306 expeditio

98 1315 148 1374 est,
161 1305 297 1374 elephanti
310 1306 408 1359 vehunt
425 1323 539 1374 currum,
553 1314 579 1358 et
593 1316 723 1358 tantarum
742 1306 882 1360 beluarum
899 1323 1008 1376 corpora

99 1385 152 1428 tota
175 1384 317 1442 contegunt
341 1393 412 1428 auro.
448 1377 488 1428 Ac
511 1391 545 1428 ne
569 1373 633 1444 quid
655 1376 766 1444 perditis
789 1377 905 1429 moribus
928 1376 1005 1446 desit,

98 1443 200 1498 lecticis
218 1446 306 1496 aureis
324 1445 449 1514 pellicum
469 1444 562 1512 longus
581 1443 643 1496 ordo
662 1462 691 1497 se
711 1447 796 1498 uitur:
821 1454 971 1514 separatum
990 1461 1007 1499 a

98 1513 206 1582 reginae
230 1513 319 1566 ordine
343 1531 438 1581 agmen
459 1524 507 1583 est,
528 1523 678 1584 aequatque
693 1462 842 1568 luxuriam.
879 1515 1007 1568 Feminae

98 1583 192 1654 epulas
210 1595 310 1650 parant.
346 1583 388 1636 Ab
401 1583 497 1637 iisdem
510 1584 601 1636 vinum
615 1583 782 1651 ministratur,
796 1583 873 1652 cujus
884 1583 1008 1636 omnibus

99 1652 172 1708 indis
192 1651 280 1720 largus
300 1661 340 1705 est
360 1669 429 1706 osus.
466 1653 568 1720 Regem
589 1667 661 1704 mero
680 1669 824 1722 somnoque
845 1654 958 1720 sopitum
980 1652 1008 1704 in

97 1721 253 1776 cubiculum
277 1721 388 1791 pellices
407 1721 532 1790 referunt,
553 1721 635 1790 patrio
655 1722 772 1774 carmine
795 1721 911 1774 noctium
935 1720 1008 1772 invo-

98 1800 190 1844 cantes
203 1791 275 1842 cleos.

12 1897 14 1918 ,
134 1864 174 1911 ³3.
194 1859 258 1916 Quis
278 1858 368 1910 credat
389 1857 457 1911 inter
476 1859 543 1911 haec
562 1858 627 1910 vitia
644 1875 734 1911 curam
760 1875 819 1911 esse
844 1857 1007 1927 sapientiael

12 1923 14 1998 f
98 1929 188 1982 Unum
201 1936 305 1993 agreste
318 1934 345 1979 et
357 1925 492 1981 horridum
509 1945 594 1996 genus
606 1936 654 1995 est,
668 1927 747 1996 quod⁶
759 1928 892 2006 sapientes
904 1935 1007 1980 vocant.

99 1999 123 2050 A
145 1996 178 2048 ud
198 1995 246 2047 hos
263 2012 393 2065 occupare
412 1997 458 2048 lati
477 1997 550 2050 diem
567 1995 716 2066 pulchrum,
729 2006 756 2048 et
768 2013 842 2048 srvos
856 2013 884 2048 se
897 1995 1009 2048 cremari

13 2057 14 2120 Ῐ
98 2014 199 2136 Julenr,
212 2064 310 2133 quibus
321 2074 366 2118 aut
378 2067 466 2134 segnis
480 2076 555 2118 aetas
573 2075 618 2117 aut
636 2064 804 2118 incommoda
816 2065 938 2118 valetudo
950 2074 1006 2118 est:

13 2125 15 2146 '
99 2141 270 2203 expectatam
289 2146 401 2188 mortem
419 2152 464 2204 pro
481 2133 611 2187 dedecore
631 2133 702 2187 vitae
720 2133 826 2206 habent,
862 2135 920 2188 Nec
939 2134 1009 2186 ullus

99 2202 259 2271 corporibus,
280 2221 349 2273 quac
368 2212 490 2258 senectus
511 2202 595 2272 solvit,
616 2203 698 2259 honos
721 2203 852 2257 redditur:
876 2202 1007 2273 inquinari

14 2271 17 2338 ζ
99 2280 193 2342 putant
207 2271 304 2340 iguem,
318 2274 366 2326 nisi
385 2273 430 2342 qui
448 2273 578 2376 spirantes
590 2274 691 2342 recipit.
727 2273 775 2343 Illi,
788 2273 834 2343 qui
853 2273 880 2326 in
900 2271 1009 2326 urbibus

14 2339 16 2372 ³
100 2340 215 2411 publicis
227 2341 343 2396 moribus
352 2343 458 2410 degunt,
479 2343 594 2396 siderum
608 2352 696 2396 motus
708 2344 772 2396 scite
785 2353 905 2412 spectare
917 2342 1008 2395 dicuu-

60 2446 65 2455 ,
99 2419 142 2463 tur
154 2419 181 2462 et
193 2409 282 2464 lutura
294 2411 452 2480 praedicere.
477 2413 536 2464 Nec
547 2428 709 2481 quemquam
722 2411 865 2466 admovere
878 2411 923 2465 leti
936 2411 1008 2464 diem

15 2532 18 2540 ,
100 2481 220 2548 credunt,
234 2481 276 2532 cui
290 2489 430 2550 expectare
444 2481 559 2534 interrito
572 2481 660 2534 liceat.
696 2481 766 2534 Deos
778 2490 870 2550 putant
882 2478 1009 2550 quicquid

99 2548 187 2602 colere
205 2551 366 2619 coeperunt‚⁷
382 2549 488 2602 arbores
507 2550 631 2619 maxime,
645 2567 713 2620 quas
724 2550 823 2603 violare
837 2549 945 2618 capital⁸
958 2556 1008 2600 est.

102 2639 209 2720 *Ul—o
221 2672 445 2741 interrupt'serious
461 2672 585 2728 matters3¹
599 2673 632 2732 by
642 2642 691 2720 this
705 2671 736 2719 he
751 2671 883 2720 insinuates
899 2671 937 2719 his
952 2685 1008 2718 con·

17 2821 18 2824 =
101 2729 412 2869 telllllhlgnsgulhlehlllnlllglse
428 2787 511 2850 length
527 2804 585 2840 runs
596 2804 610 2836 a
620 2790 674 2836 vine
685 2788 772 2837 carved
783 2787 851 2844 (with
862 2788 904 2836 the
914 2790 1010 2842 caelum)

102 2847 200 2973 mglllll
214 2920 269 2975 ures
279 2906 308 2956 of
318 2907 384 2955 birds
398 2907 422 2955 in
438 2905 512 2954 silver
522 2906 628 2966 improve
639 2906 708 2956 these
720 2906 809 2956 works'
821 2907 855 2967 by
866 2907 907 2956 the
917 2906 1010 2966 variety

103 2964 184 3012 which
195 2975 204 3011 t
222 2981 252 3025 ey
263 2965 395 3014 introduce.

132 3023 207 3070 ‘The
218 3024 323 3084 genitive
334 3024 362 3072 of
373 3025 527 3074 distributive
543 3024 665 3074 numerals
681 3025 702 3072 is
718 3025 742 3073 in
757 3024 799 3073 the
815 3024 948 3074 masculine
964 3023 1011 3072 end

17 3117 18 3146 2
103 3091 189 3131 neuter
200 3097 265 3129 more
276 3083 413 3143 commonly
424 3101 463 3133 um
473 3085 532 3133 then
542 3101 615 3132 orum.
647 3085 694 3132 See
708 3085 787 3134 Grom.
799 3084 812 3137 i
823 3089 873 3141 106,
886 3093 943 3132 note
956 3087 976 3132 1.

18 3415 19 3424 ,
104 3375 172 3426 sided
184 3391 209 3424 m
219 3375 260 3424 the
272 3386 343 3424 count

133 3139 222 3188 *More
233 3141 370 3201 commonly
380 3159 444 3202 qnos.
476 3143 523 3192 See
537 3143 617 3191 Graiu.
630 3143 704 3200 §232
717 3148 739 3192 3.
945 3199 970 3211 Η

17 3235 18 3262 3
131 3205 141 3229 ⁸
154 3197 224 3246 ‘The
233 3199 303 3247 other
310 3200 373 3248 class
381 3201 409 3248 ol
413 3202 454 3250 the
461 3201 579 3252 so·called
587 3202 645 3250 ivise
654 3218 718 3258 men,
728 3202 782 3252 who
791 3201 838 3251 live
846 3203 871 3251 in
879 3201 921 3250 the
930 3210 1008 3257 cures,

104 3257 150 3308 and
161 3257 264 3306 conduct
275 3258 422 3308 themselves
433 3260 456 3308 in
468 3261 508 3309 the
519 3276 586 3310 earne
597 3274 652 3320 wey
663 3277 689 3308 ss
700 3261 769 3309 other
777 3263 849 3312 mem·
876 3261 959 3309 'I’bese
970 3273 1010 3308 are

104 3316 280 3385 distinguished
295 3316 356 3365 from
372 3317 413 3366 the
428 3322 547 3370 nondum
559 3337 636 3383 genus
652 3320 790 3370 mentioned
804 3320 893 3377 before,
906 3319 963 3369 who
972 3332 1009 3367 re·

133 3439 142 3464 ’
154 3434 320 3504 ‘Everythiog
328 3391 409 3485 which
419 3435 463 3487 has
473 3453 533 3488 once
543 3436 640 3487 excited
650 3437 713 3488 their
722 3436 863 3488 adcretion!

132 3498 142 3525 ¹
152 3493 200 3544 See
211 3505 277 3556 note,
288 3495 338 3544 vrit.
351 3499 386 3545 15.
