2410 3890
534 239 625 280 utsutt
646 239 686 280 tt.
1010 221 1062 278 tm

154 362 260 470 puoque
277 354 304 400 et
322 345 513 416 Sinopensibus
530 346 654 415 daretur,¹
667 346 834 417 respondent,
853 363 889 415 se,
903 344 967 416 quid
985 363 1065 416 agen-

173 433 219 470 um
241 416 306 486 ipsis
326 415 412 484 ῐοτωῑ,2
431 415 629 470 deliberaturos.
676 416 767 484 Legati
788 423 863 468 erant
886 413 1064 468 Lacedaemo·
1123 425 1125 432 '

154 486 258 538 nicrum
272 485 344 538 missi
363 487 396 538 ad
415 487 539 554 Dareum,
553 503 604 555 quo
617 485 685 538 victo
705 485 886 554 applicuerant
908 502 937 538 se
955 484 1066 540 Graecis

154 555 280 608 mercede
292 555 363 624 apud
376 553 471 608 Persas
482 554 664 606 militantibus.
702 555 764 620 Rex,
778 554 884 606 omissis
896 554 1064 622 sponsionum

154 623 272 693 fideique
292 625 453 693 pignoribus,
473 624 563 676 venire
582 640 628 675 eos
647 623 732 692 jussit,
753 623 885 676 lcttunam
924 641 985 675 uam
1007 623 1066 692 ipse

155 691 273 758 dedisset
286 692 429 746 habituros.
456 693 507 746 Diu
521 703 685 761 cunctantes,
698 693 831 762 plerisque
843 640 951 744 consilia
964 695 1065 746 varian-

155 763 233 832 tibus,
248 763 354 815 tandem
368 771 492 814 venturos
504 780 533 813 se
545 761 709 830 pollicentur.
746 763 781 814 At
802 761 972 813 Democrates
984 761 1065 814 Athe-

156 833 263 900 niensis,
283 831 328 900 qni
349 831 467 884 maxime
486 831 667 884 Macedonum
686 829 779 900 opibus
798 847 904 898 semper
920 829 1065 894 obstiterat,

155 901 297 970 despetata
308 902 392 969 venia,
405 900 494 968 gladio
512 917 541 952 se
560 899 694 968 transfigit.
732 899 825 968 Ceteri,
840 900 908 950 sicut
926 899 1066 952 constitue·

156 982 220 1039 rant,
229 971 325 1022 dicioni
334 969 477 1022 Alexandri
491 969 561 1038 ipsos
573 987 601 1021 se
614 970 777 1038 permittunt.
805 967 883 1022 Mille
896 978 922 1020 et
935 968 1067 1022 Dmilites

156 1048 246 1092 erant:
267 1049 369 1108 praeter
381 1039 429 1091 hos
447 1039 528 1108 legati
546 1039 580 1094 ad
598 1040 713 1092 Dareum
732 1038 807 1090 missi
824 1037 878 1090 XC.
914 1037 944 1090 In
962 1037 1066 1107 supple-

155 1117 276 1162 mentum
301 1107 456 1161 distributus
479 1106 564 1178 miles,
590 1109 670 1160 ceteri
695 1107 798 1160 remissi
822 1107 940 1176 domum,
965 1115 1067 1176 praeter

157 1177 387 1246 Lacedaemonios,
401 1195 467 1247 quos
480 1177 545 1230 tradi
558 1179 583 1230 in
596 1175 744 1230 custodiam
756 1176 841 1246 jussit.

195 1251 233 1298 16.
251 1246 404 1300 Mardorum
425 1256 481 1299 erat
504 1249 579 1314 gens³
599 1247 708 1300 confinis
728 1246 884 1315 Hyrcaniae,
904 1244 977 1298 cultu
996 1245 1066 1298 vitae

156 1332 251 1384 aspera
269 1325 296 1367 et
314 1314 455 1370 latrociniis
472 1327 587 1368 assueta.
624 1315 697 1370 llaec
711 1315 765 1366 sola
777 1332 827 1367 nec
839 1314 940 1382 legatos
951 1315 1067 1394 miserat,

157 1401 209 1438 nec
228 1384 366 1438 videbatur
385 1385 514 1454 imperata
534 1385 643 1438 iactura.
664 1385 771 1454 ,traque
796 1402 841 1438 terr
864 1385 1023 1452 indignatus,
1044 1400 1068 1438 st

158 1470 288 1522 una·gens
299 1463 387 1524 posset
399 1455 515 1522 efficere,
529 1471 562 1506 ne
575 1455 688 1506 invictus
701 1463 779 1522 esset,
793 1453 994 1522 impedimentis
1005 1458 1068 1506 oum

88 1553 93 1558 -
157 1523 288 1604 praesidio
307 1524 412 1592 relictis,
432 1525 530 1576 invicta
550 1541 630 1576 manu
652 1524 795 1576 comitante
819 1522 945 1591 procedit.
981 1523 1068 1574 Noctu

157 1603 207 1645 tter
219 1593 326 1662 lecerat,
341 1603 367 1647 et
385 1594 470 1662 prima
487 1593 547 1646 luce
560 1591 644 1646 hostis
657 1593 683 1644 in
695 1601 837 1662 conspectu
850 1599 920 1644 erat:
939 1591 1069 1644 tumultus

157 1663 245 1730 magis
255 1678 334 1731 quam
348 1663 478 1731 proelium
490 1662 547 1714 fuit.
585 1659 722 1714 Deturbati
735 1678 769 1713 ert
780 1660 899 1728 collibus,
913 1677 979 1729 quos
990 1677 1068 1712 occu·

194 1741 294 1798 verant,
314 1731 419 1784 barbari
443 1731 630 1799 profugerunt:
656 1729 822 1798 proximique
843 1728 895 1781 vici
918 1729 953 1781 ab
977 1729 1071 1782 incolis

157 1748 257 1854 dgserti
278 1801 425 1868 capiuntur.
462 1801 588 1852 Interiora
610 1799 722 1866 regionis
742 1798 800 1867 ejus
823 1797 894 1852 haud
918 1815 983 1850 sane
1003 1798 1070 1852 adiri

134 1863 216 1922 'sine
239 1887 337 1936 magna
360 1868 499 1920 vexatione
524 1868 656 1920 exercitus
681 1876 808 1936 poterant.
844 1869 914 1936 luga
940 1867 1070 1920 montium

159 1937 293 2007 praealtae
315 1937 397 1990 silvae
418 1953 550 2006 rupesque
572 1937 658 1988 inviae
678 1936 798 2004 saepiunt
809 1937 826 1968 ·⁴
844 1953 885 2003 ea,
904 1951 974 2005 quac
1011 1935 1070 1990 lana

159 2015 228 2072 sunt,
242 2023 307 2058 novo
320 2007 477 2060 munimenti
496 2023 594 2072 genere
607 2004 793 2074 impedierant⁵
805 1976 918 2057 barbati.
955 1954 1071 2058 Arbores

159 2076 259 2128 densae
280 2085 341 2128 sunt
364 2075 398 2126 de
423 2073 552 2128 industria
577 2074 701 2142 consitae,
721 2090 832 2144 quarum
857 2085 961 2126 teneros
983 2073 1071 2126 adhuc

160 2161 247 2196 ramos
267 2162 345 2197 manu
364 2143 482 2213 flectunt,
502 2159 568 2212 quos
588 2145 696 2196 intortos
719 2160 808 2196 rursus
831 2143 949 2196 inserunt
969 2153 1069 2196 tettae:

160 2212 222 2266 inde
234 2213 306 2266 velut
327 2231 361 2266 ex
380 2213 431 2266 alia
452 2213 539 2266 radice
560 2213 681 2265 laetiores
694 2213 779 2265 vitent
797 2211 904 2266 trunci.⁶
940 2211 1002 2282 Hos,
1016 2228 1070 2282 qua

160 2291 254 2336 natura
272 2283 330 2352 lert,
349 2283 500 2336 adolescere
519 2300 570 2336 non
588 2283 690 2335 sinunt:
715 2282 812 2351 quippe
830 2283 914 2336 alium
931 2281 975 2334 alii
994 2283 1070 2350 quasi

160 2369 229 2404 netu
247 2353 406 2420 conserunt,⁷
417 2352 460 2420 qui
481 2351 526 2405 ubi
544 2352 628 2405 multa
646 2351 737 2405 fronde
756 2352 844 2404 vestiti
862 2359 930 2418 sunt,
949 2351 1070 2420 operiunt

106 2466 108 2471 ,
160 2429 265 2473 terram.
301 2421 394 2490 Itaque
406 2420 503 2474 occulti
517 2439 647 2474 ramorum
659 2421 731 2473 velut
744 2421 832 2491 laquei
850 2429 978 2490 perpetua
990 2437 1071 2490 saepe

159 2489 208 2542 iter
220 2490 348 2543 cludunt.⁸
382 2491 441 2544 Una
460 2491 524 2542 tatio
543 2491 609 2542 erat⁹
627 2489 763 2542 caedendo
782 2491 884 2558 aperire
903 2489 1008 2560 saltum,
1022 2488 1070 2544 sed

159 2558 209 2612 hoc
227 2575 333 2629 quoque
351 2559 442 2627 magni
460 2559 554 2627 operis.
590 2559 680 2614 Crebri
698 2577 814 2628 namque
833 2559 893 2611 nodi
911 2559 1070 2612 duraverant

159 2629 268 2698 stipites,
288 2629 358 2682 etin
377 2647 406 2680 se
425 2628 554 2696 implicati
571 2627 695 2680 arborum
715 2629 789 2697 rami,
810 2628 945 2697 suspensis
962 2627 1068 2680 circulis

190 2770 323 2831 ¹Namely‚
338 2773 582 2851 occinuiclatcsy'ore,
676 2830 681 2839 Ι
873 2829 878 2840 .

188 2833 198 2858 ²
209 2829 300 2877 ‘What
312 2830 370 2890 they
381 2829 428 2877 had
440 2840 464 2876 tc
475 2830 514 2884 do,
540 2835 546 2855 ⁴
556 2830 620 2876 what
632 2829 787 2878 thetrcourse
798 2830 826 2878 os
832 2841 912 2879 actton
922 2844 973 2879 was
984 2839 1010 2879 to
1019 2832 1067 2880 bc?

161 2886 233 2954 They
244 2888 283 2936 did
300 2900 340 2935 not
357 2903 401 2948 say
412 2888 496 2938 directi
524 2888 575 2936 that
587 2887 646 2948 they
656 2903 720 2936 were
731 2887 874 2950 meditating
889 2905 920 2937 att
935 2889 1017 2941 urmed
1027 2903 1067 2952 op·

160 2957 264 3004 position
275 2958 299 2994 tc
311 2948 351 2995 the
364 2947 445 3008 lting’s
457 2904 513 2995 witi
1025 2972 1026 2978 .

189 3004 254 3051 ¹See
265 3015 322 3053 note
332 3021 355 3053 v.
367 3010 403 3054 21.
948 3043 951 3050 ·

171 3068 198 3168 h·
211 3063 367 3170 ‘Surppund'
383 3065 454 3113 ‘shut
470 3066 511 3112 in.'
543 3065 599 3112 The
615 3065 719 3126 spelling
735 3065 794 3114 with
809 3083 838 3114 oc
855 3065 877 3114 is
893 3081 959 3116 mors
975 3076 1066 3116 correct

160 3131 271 3169 tanwn
301 3141 319 3170 c.

171 3238 174 3246 Ι
191 3188 199 3212 ¹
211 3180 278 3229 ‘Had
289 3181 404 3230 rendered
417 3183 591 3231 inaccessible.'

188 3239 292 3288 'These
309 3241 403 3300 bcughs
419 3241 476 3289 talto
487 3253 547 3298 root,
561 3242 607 3290 and
623 3244 722 3292 become
739 3242 888 3292 themselves
904 3244 969 3292 moin
982 3253 1067 3295 atomo.

159 3297 249 3347 haus
261 3299 378 3368 indicates
389 3315 402 3346 a
413 3311 495 3360 strong
507 3301 627 3349 luxuriant
638 3303 740 3408 yrowth.

157 3375 160 3386 ·
189 3362 197 3386 ¹
210 3358 295 3418 ‘They
307 3369 462 3414 tnterweave,
475 3375 501 3408 as
512 3360 530 3406 ir
542 3375 615 3416 were,
627 3370 637 3407 t
655 3375 668 3407 e
680 3377 725 3408 oue
737 3361 796 3410 with
808 3361 848 3410 the
859 3361 945 3410 other)

188 3422 197 3447 ¹
208 3418 232 3464 A
244 3428 284 3465 not
297 3417 401 3466 unusual
412 3415 473 3466 lorus
483 3417 520 3466 for
529 3421 663 3476 ckrtductc
680 3435 706 3468 as
718 3421 743 3468 in
753 3421 794 3468 the
805 3420 960 3480 compcunds.

188 3479 198 3506 ⁹
210 3476 309 3526 ‘There
317 3492 368 3525 was
376 3475 433 3538 only
441 3491 487 3524 one
498 3478 604 3536 possible
613 3480 685 3540 way,'
699 3479 748 3528 dac.
771 3479 819 3528 See
829 3479 909 3530 Grata.
919 3477 933 3531 i
942 3481 993 3538 373,
1003 3449 1068 3531 note.
