2314 3886
519 132 611 213 arasa
632 175 683 214 vn.
999 159 1057 213 213

147 281 252 334 obruta¹
264 299 389 334 eniensus
407 299 473 349 sum,
493 282 628 349 angustias
648 282 755 335 Ciliciae
775 283 876 352 intravi,
890 281 981 334 Indiae
1000 282 1058 336 sine

149 350 306 403 lassitudine
325 353 380 404 vim
399 350 502 418 frigoris
520 367 580 402 sum
599 369 645 420 per
665 369 748 404 essue.
785 353 819 405 Et
831 353 884 404 mei
899 353 1058 405 documenta

149 419 226 471 vobis
248 420 320 488 dedi,
338 429 364 472 et
389 421 486 472 vestra²
504 419 597 472 habeo.
657 430 720 488 etra,
745 437 826 489 quam
851 422 954 484 videtis,
974 439 1058 474 unum

148 488 254 540 aditum
277 489 366 558 habet,
391 505 472 558 quem
503 488 606 542 barbari
635 489 764 557 obsident,
789 499 876 543 cetera
906 491 1056 560 negligunt:

149 558 238 609 nullae
252 559 358 626 vigiliae
372 567 439 625 sunt,
456 558 506 611 nisi
525 575 594 626 quae
615 570 701 611 castra
722 568 807 611 nostra
820 569 946 628 spectant.
965 561 1058 612 'inve-

149 627 229 678 nietis
252 628 331 694 viam,
351 629 372 678 si
398 625 516 678 sollerter
542 629 627 680 rimati
651 628 752 680 fueritis
775 629 863 680 aditus
886 629 1001 681 serentes
1024 629 1056 682 ad

148 713 288 748 cacumen.
326 696 398 749 Nihil
417 705 471 748 tam
492 696 546 749 alte
567 708 659 750 natura
678 697 819 766 constituit,
838 714 890 766 quo
909 698 991 751 virtus
1008 716 1059 751 non

151 767 234 834 possit
247 766 330 817 eniti.⁸
366 766 532 834 Experiendo
550 784 619 834 quae
638 769 719 818 ceteri
738 766 952 835 desperaverunt,
966 768 1058 820 Asiam

104 837 106 840 ’
151 834 283 886 habemus
295 835 318 886 iu
332 843 470 903 potestate.
507 836 620 888 Evadite
633 838 658 888 in
672 853 810 902 cacumen,
824 837 892 904 quod
906 853 968 887 cum
981 854 1058 905 cepe·

151 903 214 972 ritis,
228 904 346 956 candidis
359 905 426 956 velis
444 905 547 972 signum
567 905 632 958 mihi
651 906 763 959 dabitis:
784 922 832 973 ego
847 905 929 975 copiis
946 907 1059 958 admotis

152 973 255 1026 hostem
277 974 302 1024 in
322 991 368 1024 nos
388 987 404 1024 a
425 974 498 1026 vobis
517 983 679 1028 convertam.
723 976 875 1027 Praemium
894 975 942 1026 erit
961 976 994 1040 ei,
1014 977 1059 1043 qui

151 1041 253 1111 primus
270 1044 437 1111 occupaverit
457 1043 592 1112 verticem,
607 1045 706 1096 talenta
717 1046 748 1112 X,
763 1061 813 1096 uno
833 1043 921 1096 minus
937 1045 1058 1112 accipiet,

151 1112 197 1179 qui
211 1111 345 1179 proximus
357 1112 383 1164 ei
396 1114 503 1181 venerit,
518 1113 667 1180 eademque
679 1111 823 1166 addacem
840 1113 961 1166 homines
974 1129 1059 1164 serva·

152 1180 223 1233 bitur
241 1183 343 1249 portio.⁴
376 1182 484 1234 Certum
510 1191 600 1236 autem
621 1183 712 1250 liabeo,
734 1200 780 1234 vos
799 1199 849 1235 nou
870 1195 923 1234 tarn
946 1181 1060 1234 liberali·
1094 1245 1098 1252 ⁸

153 1257 236 1301 tatem
249 1251 342 1302 intueri
357 1267 452 1318 meam,
466 1267 546 1320 quam
560 1251 732 1303 voluntatem.

188 1323 228 1371 42.
249 1319 295 1371 llis
313 1321 408 1372 animis
429 1337 517 1387 regem
531 1321 678 1390 audierunt,
692 1329 721 1372 ut
740 1321 795 1391 jam
816 1321 919 1390 cepisse
933 1321 1060 1372 verticem

153 1387 311 1441 viderentur.
349 1389 508 1458 Dimissique
528 1389 627 1441 ferreos
644 1407 750 1459 cuneos,
763 1407 829 1458 quos
847 1393 914 1442 inter
932 1407 996 1442 saxa
1015 1389 1060 1462 de·

154 1457 271 1526 figerent,
302 1458 457 1526 validosque
487 1459 565 1510 loires
594 1459 729 1527 parabant.
777 1461 832 1512 Rex
868 1460 1061 1512 circumvectus

152 1535 263 1596 petram,
283 1543 335 1595 qua
355 1527 465 1580 minime
486 1544 562 1596 asper
581 1545 614 1578 ao
633 1537 788 1596 praeruptus
807 1527 894 1579 aditus
913 1529 1059 1595 videbatur,
1081 1575 1082 1580 ,

121 1606 123 1612 “
151 1597 269 1649 monada
287 1597 384 1665 vigilia,
398 1597 466 1665 quod
487 1597 555 1648 bene
568 1600 702 1664 verteret‚⁵
714 1597 815 1663 ingredi
833 1596 916 1666 jubet.
953 1597 1001 1652 Illi..
1014 1597 1060 1647 ali-

153 1667 250 1718 mentis
262 1667 287 1718 in
300 1667 410 1718 biduum
424 1667 543 1733 sumptis,
557 1666 652 1732 gladiis
664 1667 742 1718 modo
763 1677 845 1734 atque
865 1666 948 1717 liastis
967 1667 1059 1718 armati

151 1735 252 1788 subire⁸
264 1745 415 1804 coeperunt.
454 1739 492 1786 Ac
510 1736 594 1802 primo
613 1734 725 1802 pedibus
744 1735 852 1802 ingressi
872 1743 944 1786 sunt:
964 1735 1060 1786 deinde

153 1818 181 1856 ut
193 1805 220 1856 in
254 1813 373 1874 raerupta
391 1812 546 1872 perventum
569 1811 616 1870 est,
630 1803 674 1873 alii
695 1805 818 1856 manibus
837 1805 980 1855 eminentia
998 1820 1061 1856 saxa

151 1821 285 1940 compiexi
298 1873 397 1924 levare⁷
410 1882 512 1936 semet,
530 1873 575 1924 alii
587 1872 700 1940 adjectis
713 1873 813 1924 sunium
829 1871 930 1940 laqueis
943 1889 1059 1942 evasere,

152 1959 213 1994 oum
227 1957 324 1993 cuneos
338 1943 403 1992 inter
416 1957 480 1992 saxa
492 1941 646 2008 deligerent,
660 1943 757 2010 gradus
775 1941 896 2009 subinde,
910 1941 970 2008 quis
989 1943 1061 1994 insis-

154 2012 258 2062 terent.⁸
301 2011 378 2062 Diem
409 2009 477 2061 inter
500 2021 602 2062 metum
633 2011 802 2080 laboremque
835 2023 1061 2078 consumpserunt.

154 2079 203 2130 Per
214 2095 307 2148 aspera
318 2080 384 2132 nisis
396 2079 499 2130 duriora
513 2080 652 2150 restabant,
667 2090 692 2132 et
705 2096 826 2131 crescere
843 2078 953 2130 altitudo
972 2092 1061 2149 petrae

154 2147 301 2201 videbatui.
338 2149 386 2202 llla
398 2165 459 2200 vero
473 2149 630 2202 miserabilis
649 2159 704 2203 erat
718 2149 807 2214 facies,
821 2166 883 2201 oum
903 2149 928 2215 ii,
942 2165 1008 2218 quos
1026 2150 1062 2200 in·

153 2219 257 2272 stabilis
268 2218 364 2286 gradus
376 2217 527 2286 fefellerat,⁹
540 2236 574 2270 ex
592 2221 728 2291 praecipiti
749 2219 960 2271 devolverentur.
998 2219 1062 2272 Mox

153 2287 252 2341 eadem
277 2289 302 2340 in
327 2305 356 2340 se
380 2287 505 2358 patienda
525 2288 604 2340 alieni
626 2307 705 2342 casus
724 2287 880 2341 ostendebat
899 2288 1061 2356 exemplum.

153 2359 203 2412 Per
226 2356 275 2409 has
298 2365 386 2410 tamen
412 2357 584 2409 difficultates
602 2359 737 2411 enituntur
755 2359 780 2410 in
800 2356 926 2408 verticem
954 2359 1059 2425 montis,

154 2437 1063 2519 Wffl

154 2517 382 2682 CssltEcl'Eiridalent'to
393 2576 478 2622 vestri.-
495 2575 535 2636 ‘ol
546 2591 594 2635 you
605 2577 617 2624 1
628 2576 690 2625 have
701 2575 797 2636 procis!

183 2700 191 2721 ⁴
201 2699 207 2720 ‘
217 2635 402 2764 Ritdilmbdrom
414 2695 582 2754 proportione,
597 2694 738 2755 ‘according
750 2703 774 2742 to
785 2693 855 2748 rate‚’
868 2707 948 2740 anew
958 2694 1024 2741 word
1041 2695 1061 2742 is

155 2753 256 2860 fortn'i'elie¹
265 2771 312 2859 iiis
339 2761 401 2872 itriood
411 2813 466 2858 bene
476 2819 560 2864 vertat,
576 2816 646 2870 ‘may
657 2827 700 2860 our
710 2811 872 2872 undertaking
887 2811 949 2858 have
964 2827 979 2860 a
993 2827 1059 2870 pros·

157 2885 242 2930 percus
254 2871 338 2926 issue‚’
350 2886 399 2917 was
411 2869 542 2936 expressed
554 2871 585 2930 by
595 2869 734 2938 Alexander
743 2869 814 2921 when
825 2871 855 2918 he
866 2885 926 2931 gave
934 2870 975 2918 the
983 2871 1059 2920 order.

185 2935 193 2959 ¹
205 2930 258 2977 ‘To
269 2929 364 2978 ascend’
377 2929 418 2976 the
430 2938 553 2996 mountain
563 2944 572 2996 ;,
587 2929 699 3035 hustad?
716 2935 755 2977 ‘to
766 2945 797 2990 go
808 2930 868 2978 from
880 2929 971 2978 under!
1023 2989 1027 2998 ι

172 2987 1061 3104 s'ltlttttt.rtlttttttfflttthutt?ltfiltltthttut‘ttttt

158 3061 200 3163 iias
245 3120 271 3154 es
282 3121 308 3152 as
317 3106 373 3174 well
384 3122 410 3154 as
418 3105 475 3173 this,
487 3116 527 3152 not
539 3105 647 3153 avoided.
675 3106 721 3155 See
731 3107 771 3154 the
783 3122 838 3154 case
849 3083 968 3162 civilibvs,
981 3107 1012 3153 iv.
1022 3109 1058 3174 37.

168 3163 409 3270 bLTmeiygogpetnnc
418 3175 443 3212 to
450 3175 508 3212 time
515 3163 579 3215 lixed
587 3165 684 3226 wedges
691 3168 802 3214 between
809 3165 849 3214 the
856 3165 936 3220 rocks,
943 3181 974 3212 on
981 3165 1059 3213 which

157 3232 167 3350 f
184 3237 300 3350 ’i'sbdae
309 3238 388 3328 whdm
398 3281 438 3349 ²¹30
446 3283 565 3350 unsteady
573 3294 626 3351 step
634 3283 804 3352 hadldeceived
812 3285 828 3333 ε’
837 3283 878 3331 the
887 3292 940 3341 step
949 3282 1059 3331 deceives

157 3339 291 3400 mmakmg
301 3340 342 3390 the
359 3339 447 3390 soldier
462 3341 555 3392 believe
572 3342 610 3390 his
629 3343 721 3404 footing
739 3353 765 3393 to
784 3344 814 3391 be
830 3357 924 3398 secure,
937 3341 983 3389 and
1001 3341 1060 3391 theu

155 3399 237 3460 giving
247 3415 310 3460 way.
