2264 3880
156 179 215 236 292
424 191 463 231 na
486 189 592 231 enarra
613 189 797 230 auaxauoru.

157 302 226 371 tatis,
244 301 290 370 qui
310 297 390 354 simul
411 315 471 352 esse
489 297 630 366 debebant,
649 297 745 370 clauda
762 306 790 350 et
810 295 953 350 inhabilia
975 299 1075 367 navigia

157 371 280 438 languide
298 368 489 424 moliebantur:
508 369 578 422 aliae
597 368 703 420 navium
722 367 874 420 inconsulte
895 377 1016 420 ruentes
1034 385 1074 421 nou

158 449 311 508 receperant
319 440 336 508 5¹
354 439 502 510 pariterque
520 447 546 490 et
566 435 708 490 multitudo
726 446 753 490 et
771 436 900 506 paucitas
920 436 1074 490 festinantes

157 509 315 564 morabatur.
359 507 465 562 Clamor
487 506 550 559 hinc
579 514 727 574 atrectare,
755 505 817 558 hinc
849 505 890 556 ire
923 505 1072 575 jubentium

157 579 332 648 dissonaeque
344 593 424 630 voces
440 592 575 644 nunquam
595 524 669 628 itiam
686 587 766 644 atque
786 591 873 626 unum
896 576 1073 630 tendentium’

158 665 209 700 non
229 649 364 700 oculorum
387 646 466 700 modo
490 662 575 712 usum,
595 643 642 698 sed
663 645 743 698 etiam
768 644 875 696 aurium
899 645 1071 698 abstulerant.

158 718 200 771 Ne
220 718 247 770 in
266 715 484 786 gubernatoribus
501 714 610 783 quidem
628 714 771 782 quicquam
792 712 854 781 opis
871 723 945 782 erat,
968 732 1070 784 quorun

158 803 208 840 uec
232 786 350 840 exaudiri
368 801 421 838 vox
443 801 459 836 a
480 781 700 836 tumultuantibus
722 791 830 851 poterat,
853 799 908 834 nec
935 785 1072 854 imperium

157 873 174 908 a
187 856 282 909 territis
294 853 525 923 incompositisque
537 852 644 912 servari.
672 851 740 919 Ergo
751 850 844 904 collidi
856 851 932 904 inter
945 870 979 905 se
993 871 1070 920 nares

158 925 356 994 abstergerique
374 924 489 976 invicem
508 922 594 988 remi,³
611 930 638 974 et
655 920 702 972 alii
720 919 830 973 eliorum
850 921 971 990 navigia
989 939 1072 991 urgere

157 1002 310 1064 coeperunt.
346 992 474 1046 Crederes
490 1007 542 1044 non
560 991 638 1044 unius
655 989 785 1044 exercitus
802 989 928 1043 classem
941 991 1018 1058 vehi,
1035 991 1072 1044 aed

159 1064 271 1116 duorum
299 1061 394 1116 navale
423 1060 503 1122 inisse
528 1067 673 1112 certarnen.
715 1058 922 1112 Incutiebantur
946 1062 1072 1132 puppibus

178 1149 266 1201 rurae,
292 1131 478 1202 premebantur
500 1146 517 1182 a
539 1128 718 1198 sequentibus
736 1129 781 1195 qui
800 1129 1009 1184 antecedentes
1031 1141 1072 1184 tur·

159 1151 287 1258 haveram
295 1219 303 1270 5
320 1201 481 1270 jurgantium
493 1199 531 1252 ira
543 1198 714 1268 perveniebat
725 1198 806 1250 etiam
819 1197 854 1249 ad
867 1215 983 1252 manus

195 1276 236 1324 36.
254 1271 368 1339 Jamque
386 1277 477 1322 aestus
489 1276 556 1320 totos
567 1269 636 1321 circa
648 1267 748 1320 flumen
760 1283 871 1336 campos
885 1269 1071 1334 inundaverat,

160 1338 270 1393 tumulis
281 1337 419 1392 dumtaxat
431 1336 704 1417 eminentibus,vclut
724 1337 930 1410 insulis'parvis
938 1355 947 1406 5
968 1340 998 1391 in
1017 1355 1071 1408 quor

65 1461 68 1468 ,
160 1409 278 1486 plerique
291 1407 394 1478 trepidi,
403 1406 513 1486 'omissis
529 1408 649 1475 navigiis,
662 1423 742 1458 enare
760 1415 912 1475 properant.
952 1408 1072 1477 Dispersa

161 1477 254 1532 classis
277 1479 372 1546 partim
402 1493 429 1530 rrt
456 1477 574 1546 praealta
602 1493 672 1545 aqua
694 1474 788 1544 stabat,
812 1492 866 1545 qua
897 1477 1071 1530 subsederant

160 1547 245 1600 valles
253 1548 272 1616 3⁴
289 1547 382 1617 partim
397 1547 424 1598 in
437 1545 505 1600 rado
524 1545 657 1616 haerebat,
670 1553 805 1614 utcunque
824 1545 975 1614 inaequale
998 1559 1070 1600 terrae

160 1617 295 1684 fastigium
308 1624 501 1696 occupaverant
518 1614 621 1668 undae:
640 1632 703 1668 curn
715 1614 801 1667 subito
814 1631 902 1668 novus
921 1625 950 1668 et
971 1618 1070 1686 pristino

160 1686 244 1756 major
267 1695 348 1739 terror
371 1686 502 1744 incutitur.
546 1684 721 1754 Reciprocari⁵
744 1684 832 1752 coepit
862 1700 952 1753 mare,
985 1703 1069 1754 magno

162 1765 245 1809 tractu
268 1757 346 1825 aquis
368 1755 394 1815 in
425 1771 502 1808 suurn
532 1753 631 1812 fretum
662 1752 863 1821 recurrentibus,
887 1753 1070 1825 reddebatque

161 1835 244 1878 terras
267 1825 345 1895 paulo
367 1831 429 1878 ante
452 1822 580 1894 profundo
603 1821 659 1874 salo
682 1839 792 1876 mersas.
828 1822 914 1890 Igitur
939 1824 1070 1878 destituta⁵

161 1895 266 1963 navigia
283 1895 335 1946 alia
352 1893 559 1964 praecipitantur
576 1893 601 1945 in
621 1909 717 1962 proras,
729 1891 783 1946 alia
800 1891 827 1944 in
845 1891 935 1944 latera
953 1912 1069 1964 procum·

160 1964 234 2017 bunt.
271 1963 348 2017 Strati
366 1971 438 2016 erant
457 1963 545 2032 campi
564 1961 683 2030 sarcinis,
696 1961 785 2031 armis,
797 1961 957 2016 avulsarum
980 1964 1069 2018 tabula·

161 2049 219 2086 rum
238 2049 424 2101 remorumque
441 2031 605 2101 fragmentis.
641 2030 724 2084 Miles
741 2048 791 2084 nec
809 2031 902 2098 egredi
922 2033 950 2084 in
972 2043 1069 2098 terram,

162 2103 249 2155 necin
263 2118 331 2154 nave
343 2101 486 2154 subsistere
506 2099 629 2169 audebat,
642 2099 787 2153 identidem
807 2101 1006 2168 praesentibus
1023 2121 1069 2172 gra·

162 2173 242 2240 viora,
255 2187 323 2240 quae
335 2179 516 2240 sequerentur,
530 2178 681 2241 expectans.
712 2169 762 2222 Vix
774 2186 841 2238 quae
855 2173 1070 2239 perpetiebantur

164 2241 254 2292 ridere
278 2242 348 2308 ipsos
370 2240 521 2308 credebant,
542 2240 568 2292 in
591 2239 662 2292 sicco
686 2237 829 2309 naufragia,
848 2239 876 2292 in
893 2243 977 2296 amni
1000 2259 1070 2296 mare.

161 2310 220 2362 Nec
238 2308 297 2362 finis
314 2309 452 2361 malorum.
489 2309 592 2377 Quippe
615 2317 719 2362 aestum
737 2309 815 2377 paulo
834 2316 892 2377 post
913 2326 996 2364 mare
1016 2312 1069 2365 tela·

163 2388 258 2446 turum,
279 2394 330 2448 quo
355 2378 460 2445 navigia
486 2376 671 2446 allevarentur,
697 2377 787 2446 ignari,
806 2377 897 2430 lamen
926 2390 956 2433 et
985 2382 1070 2435 ultima

162 2447 270 2500 sibimet
293 2447 486 2500 ordinabantur.
529 2447 627 2500 Beluae
650 2463 754 2516 quoque
778 2447 904 2500 fluctibus
933 2449 1069 2504 destitutae

162 2517 292 2570 terribiles
304 2516 473 2585 vagabantur.

197 2591 238 2640 37,
257 2588 371 2656 Jamque
391 2602 443 2638 nox
459 2585 609 2655 appetebat,
629 2594 656 2637 et
679 2601 770 2653 regem
788 2588 906 2654 quoque⁷
925 2587 1069 2659 desperatio

92 2685 96 2692 .
162 2703 203 2751 the
215 2704 305 2759 othere,
318 2702 390 2750 while
402 2701 461 2760 they
471 2701 602 2760 presented
618 2700 659 2748 the
675 2716 729 2748 ears
740 2701 800 2749 from
816 2701 890 2762 being
906 2705 985 2752 made
997 2706 1067 2766 ready,

162 2761 209 2810 had
225 2762 297 2868 squqlr
308 2761 378 2809 leetr’
395 2763 556 2817 marederout,
571 2765 623 2808 ‘sat
639 2760 692 2808 firm
709 2761 822 2822 (namely,
835 2775 867 2808 on
882 2761 927 2810 the
945 2763 1069 2814 inundaret

162 2827 970 3008 iii'tirrtrrttrluttrtrrrr:uestraene
985 2883 1067 2937 m,

191 2995 891 3103 ³1laturtertrarat⁵¹¹atrrrattruut
903 2997 1067 3109 1131,ng

163 3113 256 3174 against
268 3113 377 3168 another,
391 3112 470 3160 before
482 3113 523 3160 the
534 3069 596 3181 rrumy
599 3112 669 3182 could
685 3089 718 3182 bri
732 3113 814 3161 drawn
830 3114 861 3162 in.
887 3071 1065 3182 itasiirgeee

163 3173 222 3222 used
234 3171 285 3219 also
295 3187 321 3218 es
332 3187 347 3218 a
357 3173 414 3218 verb
425 3170 453 3218 cs
465 3171 505 3218 the
517 3171 579 3220 thrrd
590 3183 750 3240 conjugation.

192 3229 418 3335 ἰᾙέιίἱοὺῖὠίεγε
429 3229 476 3276 had
486 3230 574 3286 sunk;'
587 3230 640 3277 thet
654 3246 684 3286 re,
700 3231 794 3279 ‘where
805 3231 874 3280 there
885 3247 954 3283 were
965 3237 1065 3298 vellere-¹

191 3353 201 3378 ⁸
212 3345 281 3393 ‘Left
292 3343 415 3406 aground!

80 3436 83 3442 .
165 3403 420 3520 oisqfqotqyupaqequpqq
430 3399 708 3520 iflglffliiiihfflffi
728 3405 795 3464 muri,
807 3407 913 3468 besides,
927 3410 972 3460 tlte
984 3413 1068 3476 dapar
