2410 3890
173 231 229 286 too
439 244 478 282 nii
502 244 609 284 oneris
631 243 815 282 sisuinnai.

170 352 352 406 Macedonum
362 368 442 419 regno
451 350 552 420 dignior
562 351 679 404 Philotas
691 367 734 404 me
744 366 849 420 quoque
860 350 916 418 ipso
926 350 1064 404 videretur
1075 351 1088 404 ἲ

171 422 250 476 illum
267 421 323 491 jam
344 420 479 474 deiecerat
491 437 551 472 vox.
588 421 680 488 ltaque
700 419 771 472 edito
789 419 898 487 gemitu,
919 419 1048 488 vultuque
1069 437 1089 472 a

171 502 321 559 conspectu,
330 492 398 558 regis
409 506 510 557 averso,
524 489 634 541 subinde
648 489 779 558 collapsus
791 488 960 555 extinguitur.

207 565 248 612 28.
268 561 331 627 Rex,
348 559 447 612 Philota
460 559 549 612 venire
568 559 596 611 in
613 560 711 627 regiani
731 558 812 628 jusso,
826 557 974 624 Cebalinus,
988 557 1086 628 inquit,

172 628 294 684 ultimum
315 628 474 698 supplicium
487 631 605 694 meritus,
620 630 640 680 si
662 630 686 681 in
706 638 783 695 caput
803 645 893 680 mcum
912 638 1088 696 praeparatas

172 699 280 752 insidias
298 698 377 750 biduo
396 698 467 766 texit,
482 697 559 766 hujus
574 697 692 750 oriminis
710 696 829 750 Philotan
852 714 925 748 reum
940 699 1085 766 substituit,

168 769 298 836 adquam
318 768 443 838 protinus¹
455 769 583 820 indicium
595 767 723 819 detulisse
743 784 772 818 se
789 765 912 818 affirmat.
949 766 1005 823 Quo
1025 784 1085 834 pro-

172 838 243 906 piore
261 839 343 905 gradu
362 837 496 890 amicitiae
509 853 553 888 me
565 836 702 904 contingis,
715 834 766 888 hoo
784 835 870 904 majus
882 846 921 887 est
934 835 1084 888 dissimula·

172 908 249 960 tionis
261 918 322 959 tuae
335 906 444 976 lacinus,
458 915 484 958 et
503 922 552 972 ego
571 905 698 958 Cebalino
715 906 895 973 magisquam
913 905 1034 958 Philotae
1055 907 1084 958 id

172 976 312 1028 convenire
326 976 415 1027 lateor.
454 973 699 1045 Faveritemlhabes
709 973 836 1043 judicem,
850 977 879 1043 si,
895 973 965 1044 quod
977 975 1086 1028 admitti

172 1062 222 1099 non
235 1045 366 1113 oportuit,l
377 1043 471 1096 saltem
484 1047 575 1112 negari
593 1053 687 1111 potest.
723 1043 765 1096 Ad
786 1043 852 1096 hacc
874 1044 991 1096 Philotas
1011 1044 1085 1098 haud

172 1132 236 1167 sane
256 1115 381 1182 trepidus,
395 1114 417 1166 si
429 1115 536 1166 animus
547 1114 623 1166 vultu
641 1113 845 1181 aestimaretur?
857 1113 1012 1166 Cebalinum
1044 1115 1086 1168 ui-

172 1186 234 1236 dem
256 1184 334 1235 scorti
354 1199 503 1248 sermonem
523 1181 557 1236 ad
578 1199 607 1234 se
625 1181 761 1251 detulisse,
779 1183 827 1234 sed
846 1183 933 1252 ipsum
956 1193 1009 1236 tani
1025 1131 1086 1236 ieri

172 1254 271 1306 auctori
290 1251 354 1304 nihil
373 1252 526 1320 credidisse,
540 1250 680 1321 respondit,
695 1252 815 1320 veritum,
830 1269 863 1304 ne
880 1252 995 1321 jurgium
1015 1247 1085 1306 in‘ter

171 1331 317 1374 amatorem
341 1330 367 1374 et
391 1321 525 1374 exoletum
549 1338 601 1376 non
625 1322 682 1374 sina
707 1323 760 1374 risu
782 1321 893 1374 aliorum
917 1321 1054 1376 detulisset
1067 1328 1087 1376 :⁴

171 1408 234 1444 cnm
257 1389 370 1442 Dimnus
399 1390 560 1444 interemerit
590 1401 684 1459 semet,
708 1390 902 1460 qualiacunque
925 1402 1006 1461 erant,
1030 1409 1086 1446 non

172 1460 255 1512 luisse
268 1459 411 1511 reticenda.
448 1461 659 1529 complexusque
672 1476 762 1530 regern
774 1477 849 1512 orare
861 1461 955 1530 coepit,
969 1473 996 1514 ut
1009 1478 1086 1531 prae·

173 1530 275 1582 teritam
294 1529 377 1581 vitain
397 1529 581 1598 potiusquam
598 1529 712 1598 culpam,
731 1529 827 1584 silentii
845 1538 942 1598 teman,
956 1548 1005 1584 nori
1019 1531 1086 1584 lacti

172 1597 259 1666 ullius,
274 1599 425 1650 intueretur.
460 1599 538 1651 Haud
557 1597 636 1650 sacile
654 1597 776 1666 dixerim,
790 1597 966 1652 credideritne
985 1600 1009 1652 ei
1028 1617 1084 1670 rex,

171 1685 205 1720 an
226 1667 305 1720 altius
327 1668 392 1722 iram
416 1668 604 1737 suppresserit:
631 1667 752 1722 dextram
776 1668 959 1722 reoonoiliatae
981 1671 1085 1738 gratiae

172 1738 267 1806 pignus
278 1737 379 1806 obtulit,
393 1747 420 1789 et
432 1745 615 1806 contemptum
626 1738 721 1809 magis,
731 1755 812 1808 quam
824 1737 941 1792 celatum
953 1739 1084 1794 iudicium

171 1823 241 1872 esse,
256 1806 339 1860 videri
353 1807 402 1860 sibi
415 1807 491 1860 dixit.

207 1881 247 1928 29.
267 1876 405 1930 Advocato
424 1885 479 1930 tum
499 1874 609 1930 consilio
626 1876 781 1945 amicorum,
793 1876 838 1930 cui
857 1883 946 1930 tamen
966 1877 1086 1932 Philotas
1110 1921 1114 1926 .

170 1945 309 1998 adhibitus
327 1963 377 2000 non
391 1955 440 2015 est,
453 1944 649 1999 Nicomachum
667 1945 797 2000 introduci
811 1945 897 2026 jubet.
933 1947 960 2000 ls
977 1947 1083 2016 eadem,

170 2031 240 2084 quae
261 2014 392 2070 detulerat
412 2015 446 2068 ad
467 2033 566 2086 regem,
587 2015 689 2068 ordine⁶
708 2033 743 2070 ex
778 2024 837 2068 suit.
874 2016 936 2069 Erat
960 2017 1086 2070 Craterus

172 2085 226 2152 regi
246 2101 322 2136 carus
342 2085 368 2138 iii
389 2085 489 2154 paucis,
504 2093 530 2138 et
551 2101 583 2136 eo
602 2084 749 2137 Philotaeo
780 2085 985 2140 aemulationem
999 2086 1084 2154 digni-

172 2154 235 2214 tatis
258 2153 402 2222 adversua;
427 2167 514 2223 neque
537 2153 680 2222 ignorabat,
699 2155 789 2223 saepe⁶
807 2153 949 2208 Alexandri
974 2157 1085 2210 auribus

170 2222 255 2274 nimia
274 2221 414 2291 jactatione
432 2221 537 2276 virtutis
555 2232 635 2291 atque
653 2239 750 2292 operae
770 2240 879 2290 gravem
897 2224 986 2294 luisse,
1004 2235 1030 2277 et
1048 2226 1084 2280 ob

171 2308 204 2343 ea
216 2306 267 2342 non
280 2291 388 2356 quidem
402 2290 517 2359 sceleris,
531 2291 578 2344 sed
591 2292 775 2344 contumaciae
789 2301 878 2346 tamen
896 2311 956 2346 esse
975 2311 1084 2364 suspec-

171 2368 237 2412 tum.
281 2361 340 2412 Non
364 2360 445 2412 aliam
468 2359 618 2429 premendi⁷
640 2360 742 2414 inimici
765 2363 931 2416 occasionem
953 2366 1082 2432 aptiorem

171 2427 286 2482 suturam
300 2438 380 2491 ratus,
393 2428 452 2481 odio
471 2446 517 2481 auo
536 2429 642 2498 pietatis
660 2429 813 2500 praeferens
825 2433 950 2501 speciem,
964 2433 1081 2504 Utinam,

203 2552 210 2574 ¹
221 2551 227 2572 ⁴
237 2545 390 2602 Forthwith‚’
407 2551 413 2572 ⁴
424 2546 526 2594 without
537 2546 625 2606 delay.’

199 2605 312 2654 ’‘What
329 2605 402 2654 dared
418 2616 459 2653 not
476 2607 505 2653 be
522 2605 761 2656 committed-that
778 2608 954 2665 ia,thecr1me.
987 2609 1027 2659 No
1038 2628 1081 2660 ex·

171 2680 239 2721 cusa,
253 2666 270 2712 it
282 2667 302 2712 is
313 2665 447 2720 intimated‚
460 2665 530 2713 could
541 2675 565 2713 at
577 2665 609 2713 all
620 2667 650 2713 be
661 2667 779 2716 received.

201 2730 210 2754 ¹
223 2724 413 2793 ‘Undismayed
426 2725 447 2771 is
455 2725 491 2772 liis
502 2723 574 2773 feelin
593 2739 679 2774 swero
691 2736 716 2773 to
725 2729 764 2782 be,
776 2741 804 2775 or
814 2726 861 2776 had
872 2729 942 2786 been,
952 2730 1044 2791 judgad
1053 2731 1083 2778 oi

173 2783 233 2831 from
245 2782 282 2831 his
293 2784 475 2852 countenance.’
508 2783 554 2831 See
592 2801 647 2832 ram.
660 2784 673 2836 l
684 2788 737 2842 ³4⁵,
748 2796 815 2834 note.

201 2847 210 2870 ⁴
221 2842 286 2890 That
298 2859 327 2897 ia,
340 2861 370 2891 aa
380 2846 493 2892 detulisse
502 2845 628 2890 videretur.

203 2900 367 2959 *Equivalent
378 2911 402 2950 to
413 2920 439 2950 es
449 2904 538 2950 ordine.
570 2901 616 2949 See
629 2901 690 2969 Zum
708 2911 726 2957 t,
740 2902 817 2961 lm,
830 2907 862 2952 cd
870 2907 918 2966 fia.

201 2959 314 3019 ‘Supply
326 2978 376 3008 eam
389 2972 433 3008 'out
444 2960 472 3008 os
486 2961 527 3008 the
543 2960 672 3022 preceding
706 2964 798 3010 lir'lotoe.
830 2963 858 3011 In
877 2965 937 3014 such
953 2967 1083 3015 omissione

173 3017 201 3064 os
215 3018 256 3085 the
273 3019 409 3068 accusative
420 3020 480 3066 with
492 3019 533 3066 the
549 3015 676 3076 infinitiva,
691 3019 790 3088 Curtius
806 3022 877 3072 talias
889 3024 950 3073 little
963 3026 1080 3082 liberties,

173 3076 262 3131 which,
275 3077 395 3132 however,
409 3094 472 3126 were
481 3077 583 3146 perhaps
594 3077 696 3126 allowed
708 3094 731 3126 in
743 3080 783 3128 the
796 3081 870 3144 living
881 3083 918 3131 lan
939 3099 1005 3146 uage.

175 3193 180 3203 ¹
202 3139 210 3162 ¹
223 3135 277 3182 ‘To
288 3135 359 3204 crush
367 3137 383 3204 ξ’
397 3137 503 3196 nearlye
522 3137 627 3204 nivalent
639 3136 695 3184 here
707 3148 732 3185 to
743 3143 894 3201 opprimendi.
920 3101 974 3190 iiie
986 3141 1080 3192 follow·
1125 3203 1127 3208 Ι

173 3209 214 3302 qng
224 3195 313 3301 speech
310 3211 342 3302 dis
351 3195 445 3301 prepeti
456 3198 488 3302 qq
498 3153 598 3301 &pitius
607 3210 633 3302 qs
642 3199 829 3302 αηΡῖῃιιηαῐοΙιεά
840 3201 907 3270 piace
915 3203 942 3250 ol
950 3204 1066 3271 basenesa
1072 3219 1079 3260 ;

173 3264 351 3361 niiltdhiibteihai
362 3264 662 3382 ahinglrne⁸giniiais⁸gs
674 3268 777 3374 Ptiiiiiii
785 3261 1081 3370 ihheogiiiiiexaiidliirhald
1128 3369 1133 3382 ,

173 3387 244 3432 many
260 3381 337 3420 sacrat
354 3385 469 3426 anamma,
487 3371 533 3439 and
553 3371 603 3419 that
622 3371 660 3420 his
676 3375 956 3446 extraordinarygenius
972 3395 1022 3447 was
1038 3391 1080 3448 nqt

173 3429 361 3492 acknowledged
373 3431 405 3489 hy
417 3429 482 3477 thern
493 3430 552 3477 with
564 3430 616 3478 that
627 3431 769 3499 admiration
784 3436 830 3482 and
846 3448 960 3496 sincerity
971 3438 1050 3486 which
1061 3450 1080 3487 it

172 3487 296 3540 matred.
329 3487 377 3538 we
387 3488 463 3550 ought
479 3497 505 3538 to
519 3489 667 3549 sympathiae
679 3491 738 3540 with
749 3492 791 3540 the
801 3493 868 3554 liiag,
881 3505 923 3543 not
933 3499 1009 3546 abiise
1020 3497 1079 3547 him.
