2314 3886
133 242 189 300 174
396 255 436 296 oa
460 255 568 296 casrrs
590 255 777 296 anaxanont.

166 365 282 420 rturbato
306 371 333 434 et
357 376 496 418 recusante
520 365 629 418 transire
653 364 687 416 ad
712 380 783 432 eunt,
805 359 925 431 Patierin,
946 358 1044 430 inquit,

171 435 298 488 mettium
320 433 434 503 mentiri,
456 450 597 503 rursusque
622 451 666 486 me
691 431 859 486 excruciaril
895 429 970 483 Calin
990 446 1048 484 vox

130 505 290 574 sanguisque
314 503 484 556 defecerant:
510 512 537 554 et
560 503 724 556 Macedones
747 502 879 556 Philotam
903 500 1046 570 inquinare

131 573 251 627 innoxios
267 572 330 626 ville
348 573 557 644 suspicabantur,
571 573 633 642 quia
651 589 701 626 nec
719 589 735 623 a
753 569 926 638 Nicomacho,
940 586 990 622 nec
1009 570 1048 624 ab

131 643 140 696 i
160 659 188 695 so
207 643 318 712 Philota,
336 660 399 696 cum
422 653 592 722 torqueretur,
613 643 763 694 nominatus
780 642 861 694 esset¹
878 640 1047 693 adolescens.

131 661 183 771 dui
203 721 231 766 ut
251 712 401 783 praefectos
421 729 491 780 regis
511 713 714 765 circumstantes
734 728 763 762 se
783 711 857 780 vidit,
878 709 1049 762 Demetrium

132 791 158 834 et
178 783 353 852 semetipsum
372 781 399 834 id
418 781 521 834 facinus
541 781 671 849 cogitasse
692 781 829 832 consessus
849 780 910 832 est,2
944 779 1048 832 Omnes

87 887 89 902 .
132 869 194 920 ergo
211 869 228 904 a
245 851 408 906 Nicomacho
427 850 565 920 nominati,
584 867 657 902 more
677 851 766 919 patrio,
786 849 848 902 dato
873 849 953 916 signo,
973 848 1049 902 saxis

132 921 217 974 obruti
230 931 299 974 sunt.
335 921 435 988 Magno
453 938 504 974 non
520 919 621 989 salutis,
635 919 682 972 sed
696 919 777 972 etiam
789 918 917 971 invidiae³
928 917 1048 987 periculo

132 990 261 1046 liberatus
278 999 334 1044 erat
347 989 506 1057 Alexander,
520 989 618 1058 quippe
637 990 776 1042 Parmenio
793 997 820 1040 et
839 987 964 1056 Philotas,
977 987 1048 1056 prin·

133 1062 208 1130 cipes
226 1060 380 1128 amicorum,
400 1059 450 1112 nisi
469 1060 558 1128 palam
576 1067 673 1128 sontes,
693 1059 751 1111 sine
769 1057 948 1125 indignatione
967 1055 1049 1108 totius

133 1130 265 1183 exercitus
285 1146 336 1182 non
356 1129 504 1196 potuissent
524 1127 654 1182 damnari.
689 1127 783 1196 ltaque
802 1144 902 1196 auceps
925 1125 1049 1194 quaestio

133 1197 183 1252 suit
194 1202 212 1252 :⁴
235 1199 300 1251 dunt
323 1199 450 1250 infitiatus
474 1207 514 1250 est
538 1198 649 1262 facinus,
670 1197 811 1249 crudeliter
836 1196 950 1265 torqueri
973 1193 1048 1248 vide·

133 1268 218 1336 batur,
243 1275 301 1337 post
329 1267 523 1320 consessionem
552 1267 669 1320 Philotas
695 1285 729 1320 rte
758 1266 906 1319 amicorum
936 1263 1051 1334 quidem

134 1335 344 1389 misericordiam
356 1337 460 1389 meruit.

129 1479 215 1540 jussit.
248 1477 303 1525 The
314 1477 428 1538 principal
440 1488 570 1526 statement
582 1479 602 1526 is
614 1478 755 1530 introduced
766 1479 799 1536 hy
809 1495 860 1527 crem
871 1477 930 1525 with
942 1477 982 1524 the
993 1492 1048 1536 per·

135 1538 182 1586 sect
200 1543 235 1592 (or
245 1544 358 1596 present).
391 1538 437 1584 See
456 1538 552 1596 Zumpt,
567 1538 642 1590 t5sso.
679 1537 711 1585 Ut
728 1539 830 1586 incedere
845 1536 889 1592 (for
905 1539 1050 1592 inciderunt)

135 1598 204 1652 oculi,
221 1597 307 1643 ‘when
319 1597 356 1644 his
367 1612 425 1656 eyes
437 1596 467 1644 ali
486 1595 543 1644 hted
556 1599 635 1656 upon.¹

165 1661 173 1684 ¹
186 1655 255 1703 ‘Had
268 1656 443 1724 beennamed!
469 1613 532 1704 gPhe
544 1656 697 1715 subjunctive
708 1655 729 1702 is
740 1655 808 1711 used,
822 1655 926 1723 because
937 1654 986 1702 this
997 1669 1050 1703 was

135 1715 177 1762 the
189 1730 275 1762 reason
286 1715 398 1775 assrgncd
410 1723 445 1769 (or
456 1715 595 1769 conceived)
607 1717 639 1775 by
650 1715 691 1762 the
704 1713 877 1774 Macedoutans
889 1713 1048 1762 themselves.

164 1778 175 1803 ⁹
185 1773 249 1822 Here
260 1789 297 1822 we
304 1775 366 1822 have
376 1773 564 1822 aconfirmation
573 1774 621 1822 cl'a
631 1773 728 1822 remark
735 1773 815 1820 which
826 1773 926 1820 Curtius
934 1771 1050 1832 formerly

137 1833 267 1904 (see'chap.
280 1837 308 1883 37
319 1835 412 1896 odfin.)
423 1844 466 1894 put
477 1835 527 1882 into
543 1834 584 1880 the
601 1833 686 1882 mouth
701 1832 730 1880 of
743 1832 861 1888 Philotas,
874 1834 964 1880 nmini
970 1835 1050 1894 parcit

136 1901 273 1942 morituros.

166 1956 175 1979 ⁸
187 1951 274 1999 ‘From
285 1968 300 2001 a
310 1961 377 2012 great
388 1953 479 2013 danger
489 1951 517 2000 of
529 1951 763 2058 incurrinfffhatred!

166 2015 175 2040 ⁴
187 2011 257 2060 ‘The
269 2012 440 2073 investigation
450 2011 579 2072 presented
590 2011 636 2059 itse
666 2010 691 2058 in
702 2019 751 2083 trvo
762 2009 836 2071 lights
847 2025 874 2058 or
884 2009 996 2068 aspecta!

422 2827 425 2832 ¹
496 2781 619 2821 Macedonian
627 2783 695 2821 Slater.
