2264 3880
424 271 518 314 arasa
534 273 579 314 rx.
896 259 960 315 att

62 397 151 450 murm,
169 377 267 452 quibus
284 381 421 452 spectandi
445 380 585 436 infantium
606 380 728 435 habitum
748 397 812 434 cura
834 383 962 436 mandata

62 461 105 504 est.
137 451 161 506 si
177 469 243 521 quos
256 451 381 518 insignes¹
394 460 439 504 aut
457 451 545 520 aliqua
563 461 636 520 parte
654 450 835 504 membrorum
854 451 962 506 inutiles

61 530 214 590 notaverunt,
235 521 323 574 necari
345 518 448 590 jubent.
484 520 593 590 Nuptiis
614 524 711 573 eo'e'unt
734 535 785 572 non
808 537 906 588 genere
928 537 962 574 ac

61 591 187 644 nobilitate
199 589 352 660 conjunctis,
363 589 410 642 sed
424 590 509 642 electa
522 605 657 658 corporum
671 589 780 658 specie,2
791 589 853 657 quia
865 590 962 646 eadem

61 661 246 715 aestimatoria
262 659 360 712 liberis.
397 659 483 729 Hujus
518 660 587 712 entis
604 657 740 728 oppidum,
754 659 797 711 cui
810 659 962 714 Alexander

60 728 204 782 admoverat
228 729 324 798 copias,
349 727 384 781 ab
408 729 463 798 ipso
524 729 597 798 pitbe
626 727 802 780 obtinebatur.
850 729 961 784 Clausae

60 807 128 852 erant
138 788 237 874 portae]
250 799 297 850 sed
310 797 374 851 nulli
387 798 412 850 in
431 799 512 853 muris
531 798 697 866 turribusque
717 813 746 850 se
763 798 859 850 armati
877 807 962 850 osten·

59 866 157 936 debant,
181 867 390 937 dubitabantque
410 867 583 936 Macedones,
604 866 789 919 deseruissent*
805 867 901 920 urbem
925 868 962 919 in·

59 936 134 1003 colae,
147 953 180 988 an
192 935 285 990 fraude
304 953 333 990 se
352 937 518 1006 occulerent;
536 954 607 1006 curn,
626 937 712 989 subito
730 935 863 1005 patefacta
880 945 961 1005 porta,
985 959 987 964 ¹

59 1021 103 1060 rex
124 1004 202 1058 Indua
220 1023 282 1059 cum
301 1005 404 1059 duobus
421 1005 518 1059 adultis
537 1006 600 1062 filiis
617 1006 737 1074 occurrit,
758 1003 872 1059 multum
895 1005 963 1058 inter

58 1091 145 1128 omnes
165 1075 288 1128 barbaros
308 1076 429 1128 eminens
449 1077 564 1146 corporis
583 1077 682 1146 specie.
718 1075 806 1128 Vestis
824 1083 881 1127 erat
900 1091 963 1130 auro

57 1161 216 1214 purpuraque
228 1143 359 1210 distincta,
372 1161 441 1266 quae
454 1146 535 1198 etiarn
551 1162 627 1198 crura
639 1144 762 1212 velabat3
779 1145 867 1196 aureis
884 1144 964 1198 soleis

58 1215 197 1266 inseruerat
220 1231 357 1282 gemmas3
391 1215 473 1268 acerti
495 1232 601 1284 quoque
625 1222 652 1266 et
674 1213 793 1267 brachia³
814 1213 964 1282 margaritis

57 1291 145 1334 oruata
167 1290 252 1336 erant.
289 1283 444 1338 Pendebant
468 1302 503 1338 ex
525 1284 635 1337 auribus
657 1283 775 1351 insignes
798 1283 912 1336 candore
936 1293 964 1338 et

56 1352 234 1420 magnitudine
258 1351 360 1421 lapilli.⁴
405 1353 535 1408 Baculum
562 1359 671 1406 auieum
695 1351 790 1422 berylli
820 1353 963 1422 distingue·

57 1423 132 1474 bant:
151 1439 202 1490 quo
214 1423 308 1474 tradito
321 1437 449 1492 precatus,
464 1435 492 1476 ut
510 1440 602 1492 sospes
619 1423 759 1491 acciperet,
773 1437 802 1474 se
815 1421 964 1492 liberosque

55 1501 82 1542 et
92 1503 197 1558 gentem
213 1491 410 1547 suamdedidit.

89 1565 113 1612 6,
132 1562 242 1615 Nobiles
253 1561 288 1614 ad
301 1561 452 1614 venandum
470 1561 589 1614 canesio
602 1577 634 1612 ea
647 1560 754 1628 regione
773 1568 848 1613 sunt:
868 1561 964 1616 latratu

53 1629 185 1682 abstinere
208 1631 336 1699 dicuntur,
357 1649 419 1684 curn
443 1631 565 1683 viderunt
589 1629 683 1698 feram,
704 1628 825 1681 leonibus
847 1629 964 1682 maxime

53 1699 149 1755 infesti.
185 1701 285 1754 Horum
305 1702 359 1753 vim
380 1711 407 1754 ut
427 1700 578 1752 ostenderet
600 1697 758 1766 Alexandro,
777 1697 805 1750 in
827 1700 965 1768 conseptu⁵

53 1769 157 1833 leonem
181 1770 296 1822 eximiae
320 1769 509 1838 magnitudinis
531 1768 608 1838 jussit
631 1765 726 1840 emitti,
747 1775 774 1819 et
798 1767 834 1820 IV
857 1768 965 1821 omnino

52 1838 188 1890 admoveri
201 1855 290 1905 canes,
303 1838 348 1907 qui
362 1838 482 1892 celeriter
494 1838 579 1891 leram
598 1837 814 1908 occupaverunt.⁸
849 1837 918 1892 Tum
931 1853 967 1890 ex

52 1907 102 1975 lris,
128 1908 172 1976 qui
195 1917 367 1960 assueverant
391 1907 489 1961 talibus
512 1907 673 1976 ministeriis,
696 1908 775 1960 unusl
798 1907 872 1958 canis
894 1905 964 1958 leoni

51 1991 115 2028 oum
132 1976 191 2028 aliis
208 1975 369 2029 inhaerentis
387 1993 447 2029 crus
464 1977 588 2046 avellere,
602 1985 636 2044 et,
649 1977 712 2046 quia
729 1991 779 2028 non
797 1975 964 2044 sequebatur,

52 2044 121 2096 ferro
133 2053 272 2114 amputare
284 2047 384 2115 coepit:
404 2063 438 2097 ne
457 2047 494 2098 sio
507 2046 618 2115 quidem
630 2045 774 2114 pertinacia
787 2045 856 2098 victa
874 2061 966 2096 rursus

50 2113 134 2166 aliam
147 2125 249 2184 partem
268 2131 359 2167 secare
378 2115 492 2183 institit‚³
503 2126 530 2168 et
548 2114 610 2168 inde
629 2131 679 2168 non
699 2114 809 2182 segnius
826 2083 965 2168 initaeren·

51 2193 109 2235 tem
133 2181 201 2236 ferro
224 2185 337 2238 subinde
360 2183 498 2238 caedebat.
535 2184 583 2238 llle
603 2185 628 2238 in
650 2183 758 2236 vulnere
778 2181 851 2234 ferae
871 2183 966 2236 dentes

50 2251 225 2306 moribundus
242 2269 346 2322 quoque
364 2254 499 2307 infixerat:
519 2263 619 2308 tantam
638 2253 663 2306 in
683 2253 737 2306 illis
753 2251 914 2306 animalibus
931 2252 965 2305 ad

50 2322 206 2375 venandum
224 2339 256 2374 cu
279 2323 398 2380 iditatem
417 2324 586 2392 ingenerasse
605 2330 726 2376 naturam
746 2321 893 2385 memoriae
908 2337 965 2391 pro·

48 2391 201 2444 ‹litumesu
247 2341 378 2462 liquidem
403 2393 478 2462 plura
500 2391 650 2460 transcribo,
676 2407 758 2460 quam
782 2391 877 2444 credo:
902 2407 964 2444 nam

49 2477 102 2514 nec
121 2461 254 2514 affirmare
279 2464 403 2531 sustineo,
425 2463 459 2514 de
483 2463 580 2530 quibus
603 2461 706 2529 dubito„
723 2479 773 2512 uec
797 2461 966 2528 subducere,⁹

46 2604 74 2641 nt
91 2593 135 2640 tlte
152 2593 199 2640 sect
216 2593 244 2641 of
256 2594 288 2641 its
303 2593 390 2649 father,
409 2593 454 2640 and
471 2591 492 2639 if
503 2592 533 2640 he
550 2591 618 2639 lifted
635 2591 661 2648 it,
674 2591 721 2639 and
736 2592 835 2650 pressed
852 2591 870 2638 it
887 2601 911 2638 to
928 2593 965 2641 lris

46 2656 146 2708 bosom,
159 2652 208 2700 this
219 2667 269 2700 was
280 2669 294 2700 a
305 2651 446 2712 symbolical
457 2651 561 2710 pronum
573 2650 624 2698 that
636 2651 666 2698 he
677 2651 758 2698 would
770 2649 826 2700 take
838 2665 893 2698 cera
904 2649 931 2697 of
938 2651 964 2698 it.

79 2719 87 2738 ¹
98 2711 220 2774 Insignis,
236 2717 298 2759 ‘one
309 2712 364 2760 wlro
374 2711 467 2758 excites
478 2709 573 2760 remark
584 2711 600 2768 3¹
613 2709 750 2770 frequently
761 2709 785 2757 in
796 2725 811 2756 a
820 2707 868 2757 bad
883 2724 965 2766 sense,

45 2787 75 2818 as
87 2768 157 2826 herc,
172 2769 321 2818 ‘offensiva’

78 2834 90 2858 ²
102 2833 108 2854 ⁴
118 2829 193 2888 They
203 2845 283 2888 marry
294 2839 336 2878 not
351 2829 479 2889 according
495 2837 519 2876 to
530 2827 595 2877 birth
611 2828 658 2876 and
673 2827 742 2884 ranlr,
755 2829 798 2875 but
814 2837 840 2874 to
855 2827 965 2888 physical

44 2891 143 2946 beauty
153 2887 243 2935 ebesan
260 2898 302 2936 oat
310 2890 326 2936 τ’
338 2905 413 2952 genas
429 2905 457 2936 ac
471 2889 582 2936 nobilitas
604 2889 652 2936 ala
662 2889 696 2934 διὸ
707 2889 773 2942 δυοῖν,
785 2887 923 2946 equivalent
938 2898 965 2936 to

42 2948 147 3052 gepcgia
157 2949 275 3052 qooqqlitqp.
288 2948 354 3055 31See
366 2949 464 3006 Zumpt,
478 2947 492 2999 b
503 2951 554 2998 741.

117 3021 148 3051 ee
226 3021 275 3054 vm.
318 3043 323 3054 .

76 3069 85 3090 ⁴
100 3063 233 3112 ‘Precious
244 3067 342 3113 stones.'

77 3131 85 3154 ⁵
99 3122 188 3170 'Inan
205 3123 336 3172 enclosure'
349 3140 376 3172 or
388 3131 394 3151 ‘
401 3125 487 3184 parlar’
506 3125 600 3182 usually
610 3133 750 3230 concepeperat,
764 3126 781 3180 i,
795 3123 838 3172 but
852 3139 924 3230 utaqy
935 3125 963 3173 ol

41 3181 109 3252 such
118 3181 283 3252 substantivas
292 3197 317 3229 as
324 3195 386 3229 were
395 3183 521 3243 originally
528 3183 665 3242 participles
704 3197 733 3229 re
742 3197 755 3230 a
764 3183 896 3244 secondary
912 3199 963 3232 orm

40 3240 257 3346 msuf’sgi'iedstgg
269 3240 424 3347 girlqimsseingtl',
435 3251 491 3290 note
504 3245 525 3297 1,
538 3241 585 3290 and
596 3241 695 3300 Zumpt,
708 3242 721 3294 i
733 3245 769 3290 98.

74 3363 83 3385 ²
98 3365 105 3384 ⁴
119 3357 215 3427 Oneol
227 3358 268 3428 the
279 3368 389 3408 servants
401 3359 479 3419 began
489 3369 514 3406 to
529 3369 582 3428 tear
592 3375 662 3427 away
674 3357 714 3408 the
731 3357 771 3420 leg
786 3359 814 3407 ol
825 3373 870 3407 ene
881 3355 910 3405 ol
921 3355 963 3404 the

38 3417 801 3526 (1059,1313qqpqffihppneamn

72 3540 83 3562 ⁹
98 3535 158 3584 ‘To
166 3535 234 3584 leave
245 3535 427 3594 comestiones,
439 3544 464 3585 to
475 3493 587 3586 bepsilent
599 3537 689 3585 about)
