2314 3886
153 227 213 282 210
422 240 462 280 ua
485 239 593 282 casrrs
615 239 801 280 ronzanum.

154 350 236 404 annis
259 365 351 418 parem
374 348 429 402 sore
453 349 654 404 confitebantur.
690 348 783 419 Itaque
803 348 897 402 sacae
915 348 1031 402 misere
1053 351 1092 406 le·

153 429 237 490 gatos,
251 419 297 488 qui
309 419 501 490 pollicerentur,
511 432 621 488 gentem
633 419 763 488 imperata
776 417 912 472 lecturam.
955 421 1092 474 Moverat

154 507 202 542 eos
226 489 296 556 regis
318 506 370 542 non
394 489 477 542 virtus
501 491 594 559 tnagis,
620 489 712 560 quarn²
735 489 879 542 clementia
902 489 930 542 in
958 489 1091 544 devictos

155 558 283 630 Scythas:
309 559 407 630 quippe
431 561 550 629 captivos
573 577 668 612 omnes
692 559 749 610 sine
773 559 855 628 pretio
875 561 1039 629 remiserat,
1062 573 1091 614 ut

155 629 238 682 iidem
256 630 364 698 laceret,
378 629 428 682 sibi
446 647 509 684 curn
528 627 701 684 ferocissimis
718 629 839 707 gentium
858 627 892 682 de
911 627 1088 699 fortitudine,

155 716 205 752 non
219 698 253 752 de
266 700 303 752 ira
314 699 398 752 fuisse
410 709 556 754 certarnen.
592 699 711 768 Benigne
724 699 802 767 igitur
814 699 935 767 exceptis
948 697 1089 754 Sacarum

156 769 259 840 legatis,
272 771 398 824 comitem
418 771 566 841 Excipinon
584 769 666 838 dedit,
680 767 768 822 adhuc
780 767 926 820 admodum
945 767 1089 838 juvenem

155 842 252 894 aetatis
263 840 327 892 flore
339 840 509 894 conciliatum
522 839 581 908 sibi,
613 840 639 892 ui
658 855 721 892 curn
739 837 829 908 specie
847 839 967 906 corporis
979 856 1087 909 aequa-

93 913 100 920 “
156 919 195 963 ret
208 909 440 980 Hephaestionem,
454 909 480 962 ei
499 910 588 978 lepore
626 909 679 962 aod
697 925 760 960 sane
780 908 848 960 virili
866 925 981 978 parnon
1005 911 1089 962 erat?

156 981 224 1050 lpse,
238 981 344 1033 Cratero
356 997 418 1032 corn
437 979 537 1050 majore
555 988 630 1050 parte
649 978 782 1032 exercitus
801 977 913 1032 modicis
932 977 1087 1032 itineribus

156 1050 232 1120 sequi
250 1049 331 1119 jusso,
350 1048 385 1102 ad
404 1048 570 1104 Maracanda
588 1049 683 1102 urbem
701 1046 845 1116 contendit,
865 1065 899 1100 ex
916 1063 972 1116 qua
992 1047 1085 1118 Spita-

156 1137 257 1183 rnenes,
279 1129 415 1188 comperto
435 1119 494 1188 ejus
512 1119 637 1188 adventu,
659 1117 754 1172 Bactra
772 1117 945 1188 peringerus
982 1119 1086 1188 Itaque

156 1189 294 1259 quatriduo
313 1207 361 1242 rea
377 1190 485 1257 longum
506 1189 609 1242 itineris
627 1188 742 1260 spatium
761 1205 895 1256 emensus,
915 1200 1085 1256 pervenerat

156 1259 180 1312 in
201 1276 265 1312 eum
283 1258 378 1328 locam,
395 1261 420 1312 in
439 1275 499 1330 quc,
512 1259 678 1312 Menedemo
696 1257 772 1327 duce,
786 1257 810 1311 Il
823 1257 898 1310 milia
910 1257 1044 1325 peditum
1058 1269 1085 1313 et

156 1329 220 1382 CCC
232 1328 336 1398 equites
347 1329 484 1382 amiserat.
520 1329 621 1382 Horum
633 1345 694 1382 ossa
706 1326 808 1381 tumulo
824 1327 928 1396 contegi
946 1327 1043 1397 jussit,
1058 1340 1085 1382 et
1137 1379 1138 1384 ,

156 1397 264 1452 inferias
288 1414 360 1452 more
384 1400 467 1467 patrio
490 1397 574 1452 dedit.
610 1399 672 1454 Jam
695 1398 826 1466 Craterus,
851 1415 914 1450 cum
938 1397 1084 1466 phalange

156 1467 284 1537 subsequi
301 1464 398 1536 jussus,
411 1467 446 1520 ad
458 1485 549 1536 regem
598 1476 728 1522 rvenerat.
765 1467 1021 1538 Itaqueutomnes,
1037 1470 1084 1538 qui

156 1537 318 1607 defecerant,
340 1539 438 1608 pariter
457 1538 521 1591 belli
543 1486 620 1592 aliiue
641 1546 832 1608 premerentur,
853 1536 944 1606 copias
969 1537 1082 1608 dividit,

156 1609 250 1677 urique
262 1624 346 1678 agros,
360 1615 387 1662 et
400 1608 512 1662 interfici
525 1608 639 1687 puberes
650 1607 738 1678 jussit.

190 1683 232 1731 39.
251 1677 382 1746 Sogdiana
395 1679 466 1747 regio
478 1695 578 1748 mayore
590 1695 626 1732 ex
636 1687 711 1748 parte
724 1676 830 1730 deserta
841 1683 898 1730 est:
920 1675 1082 1744 octingenta

155 1748 211 1802 sere
230 1747 316 1801 stadia
335 1749 360 1802 in
379 1747 549 1802 latitudinem
563 1745 825 1812 vastaesolitudines
837 1754 936 1800 tenent.
977 1746 1083 1816 ingens

155 1818 273 1890 spatium
291 1827 381 1872 rectae
399 1817 523 1887 regionis⁶
541 1826 590 1886 est,
607 1833 654 1888 per
671 1833 753 1888 qnam
769 1817 863 1886 amnis,
877 1815 1082 1886 Polytimetum

155 1897 250 1942 vocant
275 1887 385 1959 incolae,
410 1887 501 1942 fertur.
543 1886 699 1942 Torrentem
724 1903 787 1940 eum
811 1886 885 1956 ripae
908 1885 936 1940 in
961 1894 1080 1940 tenuem

154 1957 263 2012 alveum
281 1968 395 2027 cogunt;
414 1959 511 2012 deinde
530 1975 645 2012 caverna
662 1956 766 2026 accipit,
781 1963 808 2010 et
819 1955 870 2009 sub
883 1963 982 2010 terram
997 1958 1080 2028 rapit.

154 2029 254 2084 Cursus
272 2029 420 2082 absconditi
440 2027 579 2082 indicium⁶
598 2036 639 2080 est
657 2043 744 2096 aquae
764 2025 880 2080 meantis
898 2043 965 2080 sonu
1012 2045 1081 2082 curn

154 2099 243 2168 ipsum
255 2097 349 2166 solum,
362 2097 414 2152 sub
431 2115 484 2166 quo
502 2106 592 2152 tantus
609 2097 698 2150 amnis
716 2096 782 2165 fluit,
796 2113 830 2149 ne
843 2094 948 2150 modico
962 2114 981 2166 q
1012 2098 1080 2152 dern

154 2165 262 2221 resudet
281 2166 401 2220 humore.
440 2169 481 2220 Ex
501 2167 614 2235 captivis
632 2165 821 2236 Sogdianorum
840 2165 875 2220 ad
895 2181 990 2234 regem
1002 2168 1081 2222 XXX

154 2235 321 2304 nobilissimi,
335 2253 473 2306 corporum
491 2237 583 2290 robore
602 2237 708 2305 eximio,
724 2234 848 2306 perducti
865 2247 955 2288 erant:
977 2239 1029 2306 qui
1051 2250 1080 2291 ut

154 2322 201 2375 per
219 2305 392 2374 interpretem
409 2314 596 2375 cognoverunt,
608 2305 684 2375 jussu
696 2305 768 2374 regis
779 2305 851 2385 ipsos
862 2305 896 2359 ad
909 2306 1080 2376 supplicium

155 2373 231 2444 trahi,
248 2389 357 2430 carmen
375 2375 533 2430 laetantium
550 2375 629 2428 modo
647 2391 752 2446 canere,
766 2375 941 2445 tripudiisque
953 2383 983 2428 et
995 2376 1080 2432 lasci-
1135 2391 1136 2444 t

154 2445 220 2500 vicri
232 2445 348 2514 corporis
359 2445 580 2516 motulgaudium
588 2443 722 2514 quoddam
732 2445 817 2498 animi
829 2453 963 2498 ostentare
976 2463 1079 2518 coepe·
1135 2445 1136 2480 ³

172 2539 189 2602 ρ’
202 2572 265 2622 This
276 2588 347 2622 name
358 2573 379 2622 is
390 2573 463 2633 given
474 2581 499 2622 to
509 2570 579 2621 those
590 2569 619 2618 ol
630 2569 672 2620 the
684 2569 814 2632 Scythiam
822 2570 878 2621 who
889 2570 964 2620 dwelt
977 2587 1079 2624 nearest

153 2633 420 2742 thldlirmllieedifferent
429 2691 517 2741 shades
524 2689 553 2740 os
559 2689 841 2752 meaningintomquom,
850 2693 986 2740 marthus
993 2707 1076 2754 quam,

153 2753 200 2802 and
210 2769 259 2802 nou
269 2756 345 2815 nugis
356 2769 433 2814 quum,
446 2767 488 2800 see
500 2751 599 2810 Zumpt,
612 2749 626 2801 l
637 2753 689 2799 725.
1134 2743 1135 2831 y

182 2823 552 2884 'Hephaestionexcelledhim
561 2821 690 2880 therefore,
699 2821 799 2885 inlepor.
819 2822 965 2872 Ourauthor
974 2825 1076 2877 charac-

153 2884 240 2966 terisqs
251 2884 300 2932 this
311 2885 404 2956 quality
415 2901 442 2932 as
453 2899 499 2932 one
512 2888 569 2931 ‘not
580 2897 639 2942 very
650 2881 707 2930 well
719 2883 847 2965 becoming
858 2891 899 2930 tne
911 2883 1008 2954 dignity
1021 2887 1053 2935 of
1064 2905 1078 2936 a

153 2958 217 2992 man.
258 2943 333 3050 Igpos
346 2960 367 2992 rs
377 2943 444 2992 what
455 2959 493 2991 we
505 2942 551 2992 coll
570 2947 655 3003 ‘grace
671 2941 700 2990 ol
712 2957 833 2999 manners,
862 2942 910 2990 and
925 2959 946 2991 rs
962 2959 989 2992 tn
1006 2949 1076 2996 truth

153 3017 219 3052 more
231 3003 268 3051 sui
312 3003 334 3051 le
345 3004 382 3051 sor
392 3003 468 3052 ladies
479 3002 538 3051 than
548 3002 585 3051 lor
595 3001 637 3049 the
645 3000 715 3049 other
725 3017 778 3058 sex,
787 3002 861 3051 albeit
872 3019 887 3050 a
897 3002 1026 3053 moderate
1033 3007 1076 3056 de·

152 3077 209 3126 gree
220 3062 248 3109 ol
260 3063 278 3110 it
289 3063 309 3110 is
321 3078 451 3124 necessary
462 3072 486 3112 to
498 3061 569 3110 make
581 3077 596 3109 a
607 3059 735 3109 well-bred
746 3077 809 3110 mun.

182 3143 191 3167 ⁴
201 3137 264 3187 This
275 3137 296 3186 is
306 3148 347 3186 not
360 3137 448 3186 Bactra
459 3153 491 3186 on
501 3137 550 3186 thie
561 3135 613 3184 side
626 3135 668 3184 the
682 3134 761 3192 Oxus,
774 3137 818 3186 but
834 3136 935 3186 another
945 3135 1041 3191 Bactra
1052 3143 1077 3192 in

153 3198 283 3260 Sogdiana,
296 3213 329 3246 on
344 3197 385 3245 the
401 3197 476 3246 lower
492 3207 544 3258 part
561 3195 589 3264 οξ
600 3193 641 3242 tlte
658 3194 832 3256 Polytimetos,
845 3211 904 3246 near
918 3197 961 3246 the
978 3197 1074 3260 desert,

152 3257 234 3306 where
246 3258 287 3306 the
298 3257 400 3306 modern
410 3255 525 3304 Bokhnra
536 3257 557 3304 is
568 3254 682 3304 situated.

182 3321 229 3370 'In
240 3321 282 3370 the
293 3321 410 3370 direction
419 3319 482 3370 frorn
493 3329 554 3368 west
566 3329 591 3366 to
602 3327 661 3366 east.
694 3319 741 3368 See
752 3329 818 3378 note,
831 3321 872 3370 vii.
882 3324 921 3370 29.

180 3386 189 3410 ⁸
203 3381 236 3428 ‘A
248 3381 303 3439 sign
313 3380 340 3428 os
348 3378 388 3428 the
399 3381 576 3428 subterranean
586 3377 688 3426 course!
1132 3419 1133 3426 ,

153 3495 168 3546 Γ
182 3441 190 3465 ¹
203 3443 211 3544 ἱ
218 3437 256 3546 By
268 3439 363 3498 leoping
374 3439 421 3487 and
432 3435 514 3487 rather
525 3447 622 3486 wauton
632 3447 785 3487 incrementa
796 3437 824 3488 ol
831 3439 873 3490 the
884 3439 968 3502 body,’
982 3457 1011 3492 as
1021 3443 1051 3496 in
1062 3462 1076 3496 a
1132 3437 1133 3441 ’

163 3511 228 3556 wey
255 3513 323 3546 anoe.
