2410 3890
129 235 183 288 142
389 250 429 290 ua
452 250 557 290 eusrrs
578 249 763 291 anaxxuum.

124 357 267 426 procubuit.
304 357 430 412 Cecidere
448 359 716 412 Lacedaemoniorum
731 359 755 412 V
770 358 842 412 milia
860 366 887 410 et
904 355 975 422 CCC,
992 373 1026 410 ex

123 426 315 480 Macedonibus
326 427 396 481 haud
409 429 524 497 amplius
535 429 609 482 mille
619 445 624 480 :
638 439 756 482 ceterum
766 429 811 482 vix
822 429 964 498 quisquam
976 425 1027 479 nisi

123 497 229 548 saucius
242 497 347 549 revertit
359 497 386 550 in
397 509 492 551 castra.
602 504 608 518 ⁸
904 556 911 570 ,

158 570 181 617 3.
201 565 273 618 Haec
291 565 401 618 victoria
424 584 475 620 non
498 567 619 637 Spartam
638 567 716 620 modo
737 567 874 636 sociosque
894 564 960 634 ejus,
979 563 1026 618 sed

124 635 205 688 etiam
223 651 323 703 omnes,
342 636 388 705 qui
406 635 537 690 fortunam
557 637 618 689 belli
636 645 826 706 spectaverant,
847 633 932 703 fregit.
968 635 1027 687 Nec

120 704 233 756 ,fallebat
245 705 308 758 Anti
327 706 434 773 ειῑιιιῐιι,ι
452 705 589 758 dissentire
609 704 644 758 ab
658 706 756 758 animis
770 705 959 772 gratulantium
971 703 1026 758 vul·

124 783 167 825 tus
173 790 180 841 3
199 773 247 826 sed
265 723 363 826 bellum
382 775 457 827 finire
474 775 589 842 cupienti
602 791 668 842 opus
679 784 734 826 erat
747 774 854 843 decipi.2
889 775 923 826 Et
934 789 1027 841 quarn·

124 859 204 910 quam
216 843 319 896 fortuna
332 861 417 896 rerum
433 843 562 912 placebat,
577 843 703 896 invidiam
722 853 820 908 tamen,
833 843 896 912 quia
913 841 1028 910 majores

125 929 166 964 res
185 917 266 980 eraut,
285 929 365 981 quam
385 927 451 981 quas
470 911 597 981 praelecti
621 913 716 965 modus
735 913 861 982 caperet,³
881 911 1025 964 metuebat.

124 981 227 1050 Quippe
245 981 396 1034 Alexander
414 981 503 1033 hostes
517 983 584 1034 vinci
597 981 722 1049 voluerat,
740 982 907 1050 Antipatrum
922 981 1026 1049 vicisse,

124 1067 158 1102 ue
172 1051 267 1104 tacitus
278 1049 386 1120 quidem
400 1049 590 1120 indignabatur,
601 1067 663 1104 enae
676 1051 815 1118 demptum
827 1051 925 1118 gloriae
937 1049 1028 1104 existi·

125 1137 207 1188 maus,
232 1118 358 1188 quicquid
380 1119 504 1171 cessisset
526 1119 649 1172 alienae.⁴
695 1121 787 1188 ltaque
811 1121 955 1188 Antipater,
981 1119 1027 1186 qui

125 1189 205 1257 probe
225 1198 313 1241 nosset
332 1189 439 1256 spiritus
456 1187 521 1258 ejus,
535 1207 585 1242 non
603 1200 644 1242 est
661 1206 743 1242 ausus
761 1189 815 1257 ipse
830 1206 909 1258 agere
921 1188 1029 1241 arbitria

126 1258 267 1326 victoriae,⁵
279 1257 326 1309 sed
338 1258 479 1310 concilium
492 1259 660 1328 Graecorum,
674 1258 736 1328 quid
755 1257 811 1317 fieri
830 1259 954 1328 placeret,
968 1273 1027 1309 cou-

126 1327 215 1380 suluit.
251 1329 275 1380 A
294 1342 346 1396 quo
365 1327 576 1396 Lacedaemonii,
590 1327 654 1380 nihil
673 1327 744 1380 aliud
765 1345 846 1396 quam
865 1336 893 1380 ut
914 1337 1029 1392 oratores

127 1397 230 1448 mittere
242 1395 276 1448 ad
289 1412 379 1463 regern
391 1396 489 1466 liceret,
499 1397 632 1464 Tegeatae
643 1397 746 1451 veniam
757 1396 914 1460 desectionis
926 1405 1029 1464 praeter

125 1474 245 1518 auctores
262 1464 476 1534 impetraverunt.
512 1465 761 1535 MegalepolitaniS,⁶
772 1483 884 1534 quorum
903 1465 965 1518 urbs
983 1463 1028 1517 ob-

127 1551 200 1587 sessa
220 1544 275 1586 erat
295 1553 311 1586 a
330 1533 486 1586 desectionis
504 1535 589 1603 sociis,
602 1535 703 1588 Achaei
722 1546 749 1586 et
768 1535 827 1588 Elei
845 1535 913 1588 CXX
929 1534 1029 1587 talenta

127 1606 192 1656 dare·
206 1603 272 1672 jussi
289 1611 358 1656 sunt.
395 1604 444 1656 llic
460 1603 508 1657 fuit
527 1605 613 1658 exitus
632 1604 707 1670 belli,
718 1605 787 1672 quod
808 1613 916 1672 repente
934 1612 1027 1671 ortum,

147 1673 198 1726 rius
216 1683 305 1725 tamen
323 1673 427 1725 finitum
445 1682 493 1743 est,
506 1691 587 1742 quarn
606 1675 722 1727 Dareum
734 1673 886 1726 Alexander
899 1673 968 1742 apud
982 1675 1028 1726 Ar·

127 1691 188 1794 liele
200 1751 342 1813 superaret.
962 1778 963 1786 κ

161 1817 185 1863 t.
204 1811 255 1864 Sed
276 1821 304 1864 ut
324 1811 438 1880 primum
459 1811 616 1865 instantibus
639 1811 707 1864 curis
730 1811 834 1866 laxatus
857 1819 897 1864 eet
916 1811 1029 1879 animus,

128 1881 281 1934 militarium
300 1898 387 1934 rerum
405 1897 486 1949 quarn
505 1881 603 1952 quietis
620 1881 719 1949 otiique
731 1881 889 1950 patientior,⁷
901 1897 1030 1950 excepere

128 1966 188 2002 eum
202 1951 357 2020 voluptates,
371 1959 397 2002 et
409 1967 490 2018 quem
503 1969 577 2003 arma
588 1952 728 2004 Persarum
745 1968 796 2002 non
814 1951 952 2017 fregerant,
967 1949 1030 2002 vitia

129 2021 260 2072 vicerunt:
280 2021 477 2088 intempestiva⁸
494 2021 620 2089 convivia,
634 2030 660 2071 et
679 2020 831 2089 perpotandi
846 2019 1028 2088 pervigilandi-

128 2105 180 2156 que
201 2091 292 2140 iusaua
311 2087 431 2157 dulcedo,
450 2088 565 2158 ludique,
586 2097 612 2140 et
632 2106 727 2158 greges
745 2089 879 2158 pellicum,
898 2089 986 2140 omnia
1004 2089 1029 2140 in

129 2165 266 2209 externum
280 2157 353 2226 lapsa
365 2173 474 2208 morem.
493 2157 580 2215 Quem
590 2159 739 2210 aemulatus
748 2159 822 2226 quasi
835 2159 962 2228 potiorem
974 2175 1029 2226 suo,

129 2229 165 2278 ita
177 2226 338 2296 popularium
352 2225 454 2276 animos
465 2226 607 2295 oculosque
626 2228 722 2294 pariter
739 2227 856 2294 offendit,
870 2235 898 2278 ut
910 2244 926 2278 a
938 2226 1028 2295 pleris-

129 2313 179 2363 que
198 2297 342 2348 amicorum
361 2309 406 2362 pro
425 2293 500 2346 hoste
519 2295 668 2348 haberetur.
704 2295 825 2348 Tenaces
839 2296 936 2366 quippe
946 2296 1044 2348 disci-1

129 2365 216 2434 plinae
236 2381 308 2433 suae,
322 2363 463 2431 solitosque
482 2380 560 2434 parco
578 2381 610 2416 ac
629 2363 737 2434 parabili
751 2366 820 2417 victu
840 2366 874 2416 ad
895 2364 1030 2434 implenda

129 2447 237 2486 naturae
255 2433 388 2486 desideria
404 2431 533 2502 defungi,⁹
552 2435 578 2486 in
597 2434 735 2502 peregrina
749 2443 774 2486 et
790 2435 952 2488 devictarum
967 2451 1029 2503 gen·

158 2549 165 2570 ¹
179 2543 214 2590 ‘lt
225 2543 265 2591 did
276 2552 317 2590 not
328 2557 413 2600 escape
425 2542 568 2601 Antipater!

156 2607 166 2631 ²
178 2603 273 2650 ‘'l'here
283 2617 333 2648 was
344 2601 404 2648 need
415 2601 450 2649 sor
461 2601 510 2649 him
521 2603 587 2650 robe
598 2600 712 2648 deceived
719 2601 735 2657 3¹
745 2601 796 2648 that
808 2601 837 2655 is,
848 2601 878 2648 he
888 2615 938 2648 was
949 2599 1029 2648 sorced

129 2670 153 2707 to
164 2673 202 2710 act
214 2677 240 2709 as
251 2660 272 2708 il
279 2661 308 2708 he
320 2661 404 2720 placed
415 2671 478 2708 trust
489 2661 512 2708 iu
524 2661 585 2708 their
595 2659 748 2720 professione.

157 2721 223 2768 'For
241 2720 283 2768 the
301 2720 451 2779 subjunctive
468 2719 527 2767 with
545 2735 614 2780 quum
629 2721 678 2780 qui,
696 2735 737 2767 see
755 2720 834 2767 Grem.
851 2719 926 2774 ibbo,
939 2730 995 2766 nore
1008 2722 1028 2766 l.

129 2781 226 2834 Modus,
241 2779 466 2832 ‘subalternranlc’
770 2805 772 2812 ν
824 2808 825 2817 1

143 2846 165 2946 st
178 2838 327 2944 ‘wpaterer
336 2837 383 2885 had
391 2837 463 2885 fallen
475 2847 508 2893 to,
519 2853 545 2885 or
556 2839 655 2885 become
665 2837 707 2886 the
717 2837 855 2896 possession
866 2835 898 2892 os,
909 2833 950 2884 tlie
961 2836 1028 2897 glory

128 2908 220 2946 oanot
240 2897 281 2944 er.’

157 2966 165 2988 ²
178 2956 230 3004 ‘To
240 2954 312 3002 settle
322 2954 363 3002 the
372 2954 470 3014 judicial
481 2954 599 3003 decisione
610 2956 637 3003 oi
644 2955 684 3003 the
697 2955 805 3014 victory!
823 2955 920 3004 Arbiter
930 2955 951 3004 is
962 2954 1028 3014 equi·

128 3017 208 3083 ualent
219 3025 244 3082 tc
249 3014 333 3074 juder,
345 3016 468 3080 arbitrium
478 3023 503 3061 to
508 3015 639 3074 jadira'umr
652 3030 721 3074 cgere
732 3013 771 3060 the
783 3015 880 3074 general
890 3014 1030 3073 expression

128 3075 164 3162 imi
173 3072 439 3201 ῗὲἐιὲῇῖιξξξιὲξῧέᾁ
449 3130 527 3178 either
538 3134 628 3197 Μιχιξλη
638 3134 697 3182 πόλις
707 3145 734 3178 or
745 3134 901 3190 Μεγαλόπολις.

84 3219 87 3237 t
156 3191 223 3238 'For
232 3198 325 3250 potieris
336 3203 467 3249 governing
478 3190 518 3236 the
529 3198 642 3248 gemere,
655 3204 696 3235 see
710 3190 788 3236 cram.
801 3189 877 3245 i277,
892 3194 912 3238 1.

155 3255 164 3278 ⁸
178 3249 314 3307 ‘Banquets
325 3245 455 3308 extending
465 3247 500 3295 lar
509 3248 558 3296 into
565 3246 606 3294 the
616 3247 683 3306 night
692 3249 708 3305 3'
720 3249 771 3296 luto
780 3247 821 3294 the
829 3265 875 3296 noa
883 3251 1027 3310 intempesta.

156 3308 281 3370 'Defangi
289 3307 309 3354 is
318 3305 428 3366 properly
439 3311 481 3374 jto
488 3305 559 3354 linish
569 3305 664 3366 andget
672 3307 722 3364 quit
732 3305 760 3354 ol
766 3323 780 3354 a
788 3307 855 3365 piace
863 3307 891 3355 os
898 3307 1026 3356 business!

129 3367 150 3414 lt
161 3369 182 3416 is
192 3368 248 3415 here
257 3365 351 3427 applied
363 3374 387 3412 to
398 3375 478 3432 eatrng
489 3364 534 3412 and
545 3365 665 3424 drinking,
674 3365 720 3413 and
729 3365 749 3414 is
758 3380 772 3412 a
780 3381 837 3424 very
843 3366 955 3425 vigorous
962 3364 1028 3413 word
1120 3405 1123 3412 ,

128 3438 152 3472 ιο
165 3441 257 3486 convey
267 3425 373 3494 thelidee
383 3423 411 3471 ol
422 3423 615 3530 satissyinq'hun
633 3439 659 3471 er
677 3424 724 3472 and
740 3439 771 3472 no
787 3439 868 3472 more:
889 3428 928 3471 ‘tc
943 3422 1029 3483 eatisly

127 3485 275 3590 qipqqrtsprlpqs
284 3484 343 3533 rruh
352 3483 430 3545 lrugul
438 3481 533 3532 audeas
553 3497 624 3541 y·coo
643 3483 745 3540 edsood,
756 3482 941 3542 toappeaeethe
951 3491 1029 3531 wenta
