2410 3890
497 249 588 290 arena
607 250 647 290 rr.
735 258 739 270 r
984 234 1024 316 79

119 365 197 412 entes
214 358 309 428 raptim
326 359 405 412 tectis
421 359 718 429 acervisquelrumenti
733 360 881 431 injecerant
892 359 1024 430 flammas,

119 444 268 498 quaecum
287 429 312 481 in
331 445 436 482 summo
455 428 610 498 haesissent,
630 427 664 482 ad
681 429 804 482 inferiora
817 429 933 484 nondum
944 445 1024 500 pene·

120 506 260 550 traverant.
297 498 420 552 Extincto
439 497 518 566 igitur
537 499 605 566 igne,
626 497 769 567 plurimum
792 497 918 552 frumenti
937 514 1024 569 reper-

121 575 178 620 tum
196 575 250 620 est:
269 569 345 640 copia
362 567 475 623 aliarum
492 583 597 636 quoque
614 571 703 620 rerum
720 567 855 620 abundare
873 577 1024 638 coeperunt.

121 637 162 690 Ee
174 653 217 689 res
229 637 286 706 ipsa
297 637 375 691 militi
383 637 417 690 ad
426 636 640 706 persequendum
649 635 753 692 hostem
762 637 883 690 animum
892 637 1024 692 incendit:

121 707 219 776 quippe
237 717 329 761 urente
347 716 374 759 et
391 704 533 776 populante
551 723 583 758 eo
601 715 707 774 terram,
719 705 901 762 festinandum
913 715 977 776 erat,
991 724 1025 760 ne

121 775 242 828 incendio
262 785 357 830 cuncta
376 775 548 846 praeciperet.
591 776 772 828 ln'rationem
796 791 861 844 ergo
881 777 1027 830 necessitas

121 861 198 897 versa
210 848 269 915 est,¹
281 847 378 916 qnippe
396 847 534 914 Mazaeus,
547 845 592 914 qui
607 853 686 899 antea
700 863 747 924 per
759 845 840 898 otium
854 844 926 898 vicos
938 847 1026 898 incen-

121 914 203 984 derat,
221 915 278 984 jam
295 917 387 983 lugere
403 923 549 984 contentus,
562 915 686 993 pleraque
699 915 824 967 1nviolata
835 914 902 968 hosti
915 914 1026 984 reliquit.

121 983 273 1037 Alexander
284 984 355 1038 haud
366 985 471 1054 longius
482 995 591 1040 centum
602 983 792 1053 quinquaginta
804 983 897 1038 stadiis
911 984 1028 1042 Dareum

121 1070 139 1106 a
150 1069 180 1105 se
191 1054 286 1106 abesse
302 1063 473 1124 compererat.
509 1055 601 1122 ltaque
620 1052 653 1105 ad
672 1053 823 1107 satietatem
835 1069 940 1123 quoque
952 1054 1029 1122 copia

122 1133 320 1177 commeatuum
341 1125 488 1194 instructus,
545 1123 647 1176 atridno
667 1122 693 1174 in
713 1123 807 1177 eodem
827 1122 884 1176 loco
903 1122 1027 1176 substitit.

122 1193 288 1262 Interceptae
306 1189 402 1247 deinde
419 1194 499 1247 Darei
528 1194 619 1246 itterae
636 1200 704 1262 sunt,
718 1192 813 1261 quihus
825 1193 920 1246 Graeci
931 1192 1029 1246 milites

122 1262 336 1331 sollicitabantur,
350 1271 379 1317 ut
392 1281 482 1332 regem
494 1273 540 1316 aut
552 1261 736 1330 interficerent,
748 1272 793 1314 aut
808 1261 962 1332 proderent:
982 1261 1028 1314 du·

18 1343 20 1354 '
72 1343 78 1354 ‘
122 1331 278 1402 bitavitque,
290 1334 335 1396 an²
346 1351 393 1386 eas
404 1350 450 1403 pro
462 1333 583 1385 contione
597 1331 726 1396 recitaret,
740 1331 804 1383 satis
819 1331 934 1384 confisus
949 1332 1028 1384 Grae-

122 1417 212 1454 corum
231 1419 336 1472 quoque
349 1419 411 1471 erga
422 1419 452 1455 se
464 1401 659 1456 benivolentiae
671 1417 703 1452 ao
714 1400 785 1454 fidei.
821 1399 872 1454 Sed
891 1400 1029 1455 Parmenio

121 1470 256 1540 deterruit,
273 1488 324 1524 non
342 1489 402 1524 esse
419 1471 517 1524 talibus
533 1469 669 1541 promissis
686 1467 856 1522 imbuendas³
868 1486 946 1524 aures
962 1469 1029 1524 mili·

122 1548 180 1594 tum
197 1541 347 1603 affirmans:
367 1550 457 1610 patere
474 1540 518 1593 vel
536 1541 613 1593 unius
631 1537 733 1592 insidiis
747 1555 854 1607 regem:
872 1537 937 1592 nihil
955 1537 1031 1594 nefas

122 1627 184 1663 esse
195 1609 329 1663 avaritiae.
365 1611 476 1664 Secutus
487 1609 587 1662 consilii
599 1617 742 1676 auctorem,
756 1617 842 1662 castra
853 1609 944 1662 movit.

157 1685 199 1734 tr.
219 1681 271 1732 lter
282 1679 389 1734 facienti
402 1680 483 1750 spado
496 1695 511 1731 e
523 1679 642 1748 captivis,
654 1677 701 1747 qui
712 1678 791 1731 Darei
801 1695 911 1734 uxorem
922 1677 1029 1732 comita·

122 1749 226 1818 bantur,
239 1749 353 1802 deficere
365 1765 425 1802 eam
439 1749 547 1818 nuntiat,
562 1756 588 1802 et
600 1747 645 1800 vix
656 1747 776 1816 spiritum
788 1747 894 1801 ducere.
925 1747 1030 1802 Itineris

123 1819 240 1872 continui
258 1817 347 1870 labore
365 1819 500 1888 animique
515 1816 681 1886 aegritudine
693 1815 810 1884 fatigata,
824 1817 890 1870 inter
902 1833 992 1872 socrus
1003 1826 1030 1870 et

123 1888 256 1956 virginum
274 1887 388 1940 filiamm
406 1904 501 1940 manus
519 1887 635 1955 collapsa
653 1893 716 1954 erat,
736 1884 834 1938 deinde
857 1893 884 1938 et
904 1885 1029 1940 extincta.
1077 1922 1081 1934 .

123 1957 153 2010 Irl
177 1958 265 2027 ipsum
287 1957 412 2010 nuntians
430 1956 499 2008 alius
519 1954 679 2024 supervenit.
722 1955 756 2008 Et
779 1972 826 2008 rex
848 1955 919 2008 haud
943 1971 1028 2024 secus,

123 2041 204 2095 quam
216 2027 238 2078 si
249 2027 376 2095 parentis⁴
389 2041 458 2078 mors
470 2026 589 2078 nuntiata
601 2031 679 2092 esset,
693 2023 798 2077 crebros
810 2022 893 2078 edidit
904 2024 1029 2094 gemitus,

123 2094 292 2164 lacrimisque
311 2094 414 2162 obortis,
436 2095 528 2164 quales
550 2094 652 2146 Dareus
695 2091 840 2160 rofudi'sset,
862 2093 889 2148 in
910 2093 1030 2147 taberna·

122 2163 222 2233 culum,
241 2165 268 2217 in
285 2179 337 2234 qno
354 2172 441 2220 mater
458 2173 514 2218 eret
532 2162 619 2232 Darei,
635 2109 760 2216 delirncto
775 2162 895 2217 assidens
912 2161 1031 2286 οοἚοτί,6

124 2234 207 2287 venit.
244 2233 294 2286 Hic
312 2251 373 2286 vero
391 2243 530 2290 renovatus
547 2241 587 2286 est
605 2247 716 2300 maeror,
736 2239 764 2284 ut
781 2241 937 2301 prostratam
975 2233 1031 2286 umi

124 2303 197 2357 vidit.
233 2303 343 2356 Recenti
361 2303 432 2356 malo
449 2304 563 2372 priorum
582 2317 687 2371 quoqne
699 2301 842 2382 admonita,
855 2310 990 2373 receperat
1003 2303 1030 2356 in

123 2372 256 2440 gremium
267 2371 372 2426 adultas
383 2373 509 2442 virgines,
521 2388 618 2440 magna
629 2370 739 2439 quidem
754 2379 840 2424 mutor
855 2371 952 2426 doloris
963 2371 1029 2424 sola-

125 2443 169 2510 tia,
183 2439 229 2494 sed
249 2441 346 2510 quibus
363 2441 420 2511 ipsa
437 2441 546 2496 deberet
564 2457 622 2492 esse
640 2439 741 2510 solatio.
777 2439 807 2492 ln
819 2449 963 2511 conspectu
974 2449 1030 2512 erat

125 2527 158 2564 ne
194 2528 207 2562 s
224 2510 356 2579 parvulus,
373 2510 407 2564 ob
425 2511 452 2564 id
470 2511 557 2580 ipsum
575 2507 741 2579 miserabilis,
754 2509 824 2578 quod
842 2510 959 2565 nondum
971 2527 1029 2564 sen·

124 2580 161 2632 tie
198 2589 207 2632 t
219 2579 408 2646 calamitatem,
422 2597 455 2632 ex
467 2579 583 2633 maxima
595 2586 668 2648 parte
680 2577 714 2631 ad
727 2579 814 2648 ipsum
827 2578 1028 2632 redundantem.

125 2648 271 2718 Crederes,⁶
294 2648 476 2702 Alexandrum
499 2649 565 2702 inter
587 2663 649 2700 suae
671 2647 882 2702 necessitudines
906 2649 978 2720 flere,
1003 2655 1030 2702 et

125 2783 1027 2894 mlsslltrrdtltmur¹ul,tttdlrilzrtttfhtlt‘lt*

126 2914 219 2964 system
227 2879 243 2960 ζ’
261 2903 353 2960 thetis,
366 2893 431 2972 what
447 2904 478 2951 be
488 2918 535 2972 ore,
544 2901 591 2954 hed
606 2904 668 2951 been
683 2858 747 2971 dolie
759 2901 821 2951 from
834 2859 1030 2965 necessirifivii

126 2962 324 3030 donenowlrom
335 2962 476 3011 motrvesof
487 2961 772 3030 polrpyorgenernlshrp.
956 3023 961 3032 Ι
985 3022 990 3032 ι

125 3053 131 3064 ,
153 3020 204 3090 {In
215 3020 316 3090 English
326 3037 364 3090 rte
379 3020 493 3069 translate
504 3021 553 3068 thre
563 3037 595 3068 aa
607 3021 639 3080 by
652 3020 895 3089 “whether-notss
908 3020 944 3071 sor
954 3031 973 3070 rt
983 3037 1028 3072 rm·

125 3079 730 3248 pltpqnppureqffqteqpssrppqqdqiqrqnqllpqpastpaq3,
747 3137 908 3202 figuratively,
923 3144 963 3189 ‘to
973 3139 1027 3197 lill,'

179 3213 250 3246 accus
305 3233 310 3244 .

152 3263 162 3349 l
174 3255 582 3379 {siritiiyialiiiiunlflorziffrilhi
589 3259 702 3366 tlirl'dead
712 3331 799 3376 queen.
833 3316 939 3368 caasser
948 3315 1030 3367 would

125 3374 345 3546 ffibffiilerild
364 3431 457 3482 believe
465 3431 484 3491 ς’
503 3433 555 3482 that
574 3431 604 3490 is,
627 3433 721 3485 ‘would
738 3433 800 3484 heve
818 3433 946 3486 believed!
981 3432 1029 3486 See
