2438 3886
536 271 629 313 arasa
660 273 705 316 nr.
846 304 881 314 ..
1018 256 1057 310 39

61 425 68 434 ,
145 381 252 436 outisin
264 381 522 450 femine1persoicta
539 398 591 434 non
602 379 757 452 prohibebat
774 381 902 436 interesse
920 380 1055 434 convivio:

145 469 207 506 cum
221 453 328 520 repente
340 467 356 503 e
368 449 487 521 proximo
506 451 674 504 tabernaculo
693 451 811 520 lugubris
827 450 933 521 clamor,
947 449 1056 503 barbaro

145 521 247 574 ululatu
264 521 423 590 planctuque
443 519 596 589 permixtus,
616 521 755 592 epulantes
773 521 924 574 conterruit.
959 519 1058 572 Cohors

145 606 258 668 quoque,
279 606 348 658 quae
368 589 516 642 excubebat
535 589 575 641 ed-
591 591 791 644 tabernaculum
811 589 890 660 regis,
909 591 1001 658 verita,
1023 606 1056 642 ne

145 673 252 730 majoris
270 667 358 711 motus
376 658 535 728 principium
553 667 631 726 esset,
645 676 748 713 armare
760 677 789 712 se
802 667 933 730 coeperat.
970 659 1057 725 Causa
1086 655 1090 670 ⁸

146 729 226 782 subiti
239 729 343 798 pavoris
361 727 418 796 suit,
432 726 501 795 quod
520 737 605 780 mater
623 745 740 799 uxorque
758 731 837 782 Darei
855 745 916 781 cum
935 728 1058 796 captivis²

146 798 281 852 nobilibus*
298 811 396 864 regem,
413 813 494 864 quem
518 797 686 852 intersectum
706 815 767 852 esse
788 797 941 864 credebant,
958 798 1057 866 ingenti

145 866 247 936 gemitu
266 866 418 936 ejulatuque
436 865 579 920 deflebant.
616 867 690 920 Unus
707 869 833 937 nemqne⁸
844 866 983 936 etcaptivis
999 885 1057 935 spa·

146 937 267 1004 donibus,
281 936 326 1004 qui
344 935 410 986 forte
427 943 490 986 ante
508 935 622 1004 ipserum
641 937 841 992 tabemeculum
859 945 976 1005 steterat,
989 937 1056 988 ami·

147 1007 246 1074 culum,
260 1005 329 1074 quod
349 1005 457 1072 Dareus,
477 1003 546 1057 sicut
564 1006 642 1074 paulo
660 1015 721 1060 ante
739 1007 843 1060 dictum
860 1014 909 1074 est,
923 1022 956 1058 ne
974 1005 1058 1058 cultu⁴

147 1076 307 1146 proderetur,
318 1073 461 1142 abjecerat,
476 1075 501 1125 in
514 1075 638 1128 manibus
650 1076 715 1146 ejus,
729 1077 774 1145 qui
794 1093 820 1130 re
858 1085 928 1128 rtum
946 1073 1056 1141 ferebat,

147 1146 261 1213 agnovit,
275 1152 399 1212 ratusque
417 1141 556 1196 interfecto
573 1145 721 1198 detractum
739 1161 806 1216 esse,
830 1145 918 1198 elsum
936 1145 1057 1200 nuntium

148 1215 240 1268 mertis
251 1212 310 1282 ejus
321 1212 452 1265 attulerat.
489 1212 545 1265 Hoc
562 1213 705 1268 mulierum
724 1231 810 1268 errore
822 1223 963 1285 comperto,
977 1213 1057 1267 Alex·

148 1283 231 1336 ander
254 1283 373 1335 fortunae
396 1281 476 1334 Darei
499 1290 526 1334 et
567 1283 639 1334 ieteti
663 1301 756 1336 earum
774 1283 945 1338 illacrimaese
966 1283 1056 1336 fertur.

148 1355 190 1406 Ae
201 1352 284 1421 primo
297 1351 468 1419 Mithrenem,
482 1351 527 1420 qui
576 1351 639 1404 rdis⁶
655 1353 805 1417 tradideret,
818 1355 932 1424 peritum
950 1352 1057 1420 linguae

149 1421 278 1490 Persicae,
291 1422 329 1473 ire
340 1421 374 1474 ed
387 1419 560 1474 consolandas
572 1437 617 1472 ees
628 1422 751 1491 jusserat.
787 1421 893 1476 Veritus
903 1422 1008 1490 deinde,
1023 1437 1056 1474 ne

148 1490 262 1561 proditor
280 1489 444 1558 captivarum
462 1491 528 1543 irem
546 1490 717 1560 doloremque
735 1500 877 1560 renovaret,
891 1491 1056 1544 Leonnatum

97 1571 101 1590 ¹
149 1577 184 1612 ex
194 1559 342 1630 purpuratis
354 1561 410 1612 suis
421 1561 501 1630 misit,
513 1559 617 1631 jussum
629 1561 754 1630 indicere,
768 1561 834 1613 salso
851 1561 990 1613 lamentari
1008 1575 1057 1612 ees

149 1629 249 1682 vivum.
285 1629 334 1681 Ille
352 1645 414 1682 cum
431 1630 525 1698 paucis
541 1629 677 1698 armigeris
695 1629 721 1684 in
739 1629 945 1698 tabernaculum,
959 1630 986 1681 in
1003 1645 1056 1698 quo

149 1700 271 1768 captivae
283 1705 364 1767 erent,
377 1698 503 1768 pervenit,
513 1691 680 1768 missumque
693 1715 722 1751 se
733 1716 750 1751 e
762 1715 823 1767 rege
832 1697 961 1752 nuntiare⁸
971 1697 1055 1767 jubet.

149 1768 240 1836 Atfhi,
263 1767 308 1836 qui
329 1767 355 1818 in
375 1767 506 1820 vestibulo
526 1779 608 1836 erant,
629 1777 659 1821 ut
677 1777 792 1821 armatos
815 1783 985 1839 conspexere,
1006 1768 1055 1819 reti

148 1845 241 1890 ectum
260 1851 320 1888 esse
343 1836 378 1888 de
401 1835 521 1906 dominis,
546 1837 574 1890 in
596 1837 797 1890 tebemaculum
821 1845 934 1905 currunt,
959 1836 1055 1888 vocil-

150 1915 246 1974 renres,
267 1904 362 1958 edesse
383 1917 536 1974 supremam
555 1905 654 1975 horem,
674 1907 822 1974 missosque
841 1906 886 1974 qui
905 1905 1056 1958 occiderent-

149 1983 249 2044 eeptes.
285 1974 385 2043 Itaque,
398 1982 426 2026 ut
443 1976 522 2042 quae⁷
539 1991 590 2028 nec
608 1973 745 2045 prohibere
763 1981 876 2042 possent,
892 1989 942 2028 nec
959 1973 1055 2026 admit·

150 2052 206 2098 tere
230 2041 364 2122 auderent,
390 2042 461 2096 nullo
488 2059 613 2113 responso
638 2043 700 2096 dato
727 2043 824 2099 tacitae
852 2043 1056 2115 opperiebantur

150 2111 256 2166 victoris
274 2111 420 2166 arbitrium.
456 2111 645 2183 Leonnatus-e
699 2120 767 2166 ctato
786 2111 843 2166 diu'
862 2113 907 2182 qui
927 2129 956 2166 se
977 2113 1054 2165 intro·

151 2180 267 2245 duceret,
295 2189 353 2252 post
373 2197 436 2234 uam
466 2198 546 2236 nemo
576 2198 638 2253 proc
674 2199 718 2235 ere
748 2181 873 2253 audebat,
902 2181 998 2235 relictis
1027 2182 1055 2234 in

150 2249 281 2304 vestibulo
301 2197 467 2320 satellitibus,
487 2251 565 2306 intret
583 2251 611 2305 in
631 2250 840 2306 tabernaculum.
876 2251 916 2306 Ea
935 2251 994 2322 ipsa
1012 2267 1055 2304 res

150 2319 299 2372 turbaverat
317 2318 438 2389 feminas,
451 2320 523 2399 quod
538 2320 670 2390 irrupisse,
682 2337 734 2373 non
751 2321 892 2390 admissus,
905 2320 1053 2374 videbatur.

150 2388 242 2456 Itaque
259 2395 344 2442 mater
362 2397 389 2442 et
406 2405 521 2458 conjunx
539 2390 690 2459 provolutae
710 2388 745 2441 ed
761 2390 852 2460 pedes,
869 2407 942 2442 orere
960 2405 1054 2458 coepe·

150 2465 217 2527 runt,
231 2465 266 2526 ut,
279 2457 432 2526 priusquam
450 2459 665 2528 interficerentur,
684 2458 762 2512 Darei
779 2474 873 2538 eorpus
890 2459 954 2528 ipsis
971 2459 1054 2528 patrio

149 2543 222 2580 more
234 2526 348 2596 sepelire
365 2526 545 2596 permitteret:
565 2527 669 2581 functas
686 2543 847 2596 supremum
860 2545 950 2598 regem
967 2527 1054 2580 officio

175 2683 185 2708 '¹
195 2677 391 2746 Besidessernrrr‚
403 2679 460 2735 oria,
473 2677 514 2726 the
530 2677 608 2740 thigh,
620 2678 662 2726 the
677 2677 739 2726 form
749 2680 943 2743 (fernmsmioir
954 2679 975 2726 is
985 2678 1054 2728 used.
1099 2707 1101 2710 ·

148 2735 184 2785 Its
195 2737 350 2793 nominative,
362 2735 484 2796 however,
490 2739 581 2800 semer,
593 2737 651 2786 does
661 2747 702 2786 not
712 2753 793 2787 occur.

176 2801 186 2826 ¹
195 2795 268 2844 From
278 2796 320 2844 the
331 2796 476 2844 nominative
487 2797 586 2860 captivo.

176 2854 285 2903 'Whilst
296 2873 352 2904 nom
361 2856 382 2904 is
393 2855 496 2914 leprose
507 2854 598 2962 elvepo
608 2854 693 2914 placed
702 2854 764 2914 first,
774 2871 813 2904 we
823 2855 918 2918 usually
928 2857 979 2906 find
988 2875 1053 2908 nom·

146 2928 191 2974 que
205 2913 266 2962 alter
276 2914 317 2962 rhe
328 2914 380 2963 first
391 2913 504 2962 accented
516 2929 566 2962 vror
584 2949 589 2962 .

176 2971 341 3031 ‘Eqnivalent
361 2983 387 3021 to
407 2983 477 3028 veste,
499 2972 624 3034 implying,
642 2973 766 3030 however,
786 2974 836 3022 thet
856 2975 898 3024 the
915 2975 987 3024 oloeh
1003 2991 1055 3025 was

147 3029 251 3078 adorned
265 3031 289 3079 in
299 3047 314 3079 e
324 3047 424 3080 manner
434 3032 537 3080 euituble
547 3031 584 3081 sor
594 3049 621 3081 so
632 3041 699 3094 great
711 3048 725 3081 a
736 3033 856 3082 monarch.

177 3096 185 3120 ⁶
196 3089 225 3136 In
235 3089 276 3138 the
285 3091 422 3143 accrrsmive
432 3091 460 3138 ol
473 3091 521 3140 this
532 3091 597 3140 word
609 3092 650 3140 the
661 3091 722 3139 form
734 3094 755 3140 ir
766 3092 896 3149 remained‚
908 3108 972 3140 even
982 3093 1056 3142 when

148 3146 416 3198 iuorhernounsitvves
425 3151 571 3209 superseded
580 3153 613 3212 by
622 3169 653 3200 es.
670 3149 700 3198 In
710 3150 793 3198 Greek
802 3150 842 3199 the
851 3152 1054 3210 uameiszoptrrr.

174 3212 184 3236 ⁸
195 3207 237 3254 An
247 3208 384 3256 accusative
395 3219 460 3258 must
469 3211 499 3256 be
510 3209 620 3268 supplied
628 3225 655 3258 es
664 3210 758 3269 subject
769 3218 794 3258 to
805 3208 1052 3268 anatim-eremely,

146 3265 199 3314 that
215 3264 243 3314 ol
257 3265 299 3314 the
314 3279 401 3324 person
412 3278 437 3316 to
448 3267 528 3315 whom
539 3283 590 3316 was
601 3269 721 3317 intrustsd
737 3269 778 3316 the
793 3268 852 3328 duty
862 3269 890 3317 of
902 3267 1055 3328 introducing

146 3334 211 3372 rtran
229 3324 503 3385 srstothaprinceaser.
527 3326 1054 3378 InRomsrucheconfideutialservantwae

145 3341 229 3434 cullei
235 3384 278 3432 the
287 3385 409 3434 atriensis.
486 3415 488 3424 ι
651 3414 653 3422 ν
688 3397 690 3400 ·

174 3445 183 3470 ’
195 3441 320 3492 ‘Because
331 3443 388 3503 they
396 3445 412 3501 ;’
425 3444 537 3506 literelly‚
553 3449 594 3494 ‘as
606 3445 678 3493 who)

173 3505 182 3531 ¹
193 3501 287 3564 Supply
297 3519 332 3560 eo,
344 3514 466 3554 amant
476 3512 503 3552 to
513 3503 616 3554 conduct
627 3503 678 3554 him
688 3511 714 3570 to
723 3504 766 3554 the
776 3503 844 3566 royal
853 3503 937 3554 ludier.
