2410 3890
147 189 203 245 tet
413 206 451 246 ns
475 205 784 246 (ruscinonensem.

142 312 178 366 ad
189 313 277 382 ipsum
290 313 452 382 suppressitt
487 313 562 372 Quod
582 331 633 366 non
650 314 732 368 fuisse
744 329 849 382 vanum,
863 309 951 366 Dimui
962 308 1058 388 exitus

143 382 267 434 declarat.
316 383 446 436 Incertam
476 401 530 435 rem
561 381 685 436 deferens
714 391 845 435 tormenta
877 397 929 432 non
961 387 1056 458 timuit

143 451 294 517 Cebalinus,
313 451 418 504 Metron
441 471 475 504 ne
494 461 659 506 momentum
677 451 787 521 quidem
807 453 931 518 temporis
949 446 1056 500 distulit

143 536 285 578 exonerare
305 537 341 590 se,
356 530 383 573 ut
401 539 440 590 eo,
460 523 504 574 ubi
524 522 637 589 lavabar,
656 522 826 590 irrumperet:
846 519 962 572 Philotas
979 516 1056 570 solus

143 587 207 640 nihil
232 589 327 658 timuit,
349 590 415 642 nihil
438 591 557 643 credidit.
593 593 615 642 Ο
638 591 727 658 magni
750 589 833 642 animi
855 585 958 665 virum!
983 585 1055 663 'Iste

143 658 212 724 regis
239 658 355 727 periculo
384 659 610 724 commoveretur!
627 659 744 726 ¹vultum
772 655 902 712 mutaret!
934 653 1055 734 indicem

143 733 231 778 tentae
261 729 298 780 rei
326 729 453 781 sollicitus
483 725 615 781 audiretl¹
658 727 752 781 Subest
782 727 917 780 nimirum²
945 724 1055 802 silentio

143 794 254 864 facinus,
268 805 295 848 et
306 798 385 851 arida
403 815 464 866 spes
476 798 552 864 regni
566 797 736 866 praecipitem
749 798 869 850 animum
880 797 915 848 ad
927 792 1055 846 ultimum

142 864 218 916 nefas
241 866 352 934 impulit.
394 867 471 920 Pater
493 867 602 918 Mediae
626 876 740 936 praeest.
777 867 837 936 lpse
860 861 1055 944 apud·nrultus

142 935 275 1003 copiarum
305 935 389 986 duces
417 935 486 986 meis
513 945 670 1004 praepotens
699 935 805 1004 viribus,
834 951 939 1003 majora,
970 947 1052 1000 quam

143 1005 221 1072 capit,
244 1004 347 1072 spirate.
377 1003 482 1056 Orbitas
499 1021 603 1073 quoque
621 1022 689 1074 mea,
709 1005 777 1074 quod
798 1004 855 1056 sine
874 1002 963 1056 liberis
980 1017 1053 1070 snm,

142 1073 280 1142 spernitur.
316 1072 366 1125 Sed
391 1083 460 1124 errat
483 1073 607 1130 Philotas.
645 1074 674 1127 ln
698 1074 772 1128 vobis
792 1074 896 1140 liberos,
917 1079 1052 1141 parentes,

142 1141 350 1208 consanguineos
360 1141 462 1194 habeo:
481 1143 556 1196 vobis
568 1143 655 1212 salvis,
668 1143 747 1196 orbus
759 1161 818 1196 esse
830 1160 881 1198 nun
894 1157 1009 1211 possum.

177 1215 217 1262 ³4.
238 1210 384 1278 Epistulam
402 1211 499 1264 deinde
520 1213 699 1264 Parmenionis
717 1213 899 1280 interceptam,
916 1224 997 1279 quam
1016 1205 1052 1260 ad

142 1279 209 1332 filios
228 1279 387 1332 Nicanorem
407 1288 433 1332 et
453 1280 583 1333 Philotam
603 1282 749 1350 scripserat,
771 1281 871 1350 recitat,
892 1280 961 1332 hand
985 1293 1054 1330 sane

142 1347 267 1399 indicium
292 1349 418 1415 gravioris
439 1350 540 1402 consilii
564 1351 766 1419 praeferentem.
802 1351 926 1418 Namque
945 1363 1054 1400 summa

142 1415 201 1485 ejus
220 1417 286 1468 liaeo
304 1425 374 1470 erat:
397 1419 514 1470 Primum
533 1419 613 1471 vestri
632 1436 723 1472 curam
740 1419 818 1487 agite,
837 1419 934 1472 deindo
952 1425 1053 1494 vestru-

143 1502 214 1538 rum:
236 1485 276 1538 sic
299 1486 372 1538 enim
394 1504 464 1556 quae
487 1488 678 1540 destinavimus
697 1489 855 1544 efficiemus.
891 1486 1053 1564 Adjeortque

142 1572 195 1623 rex,
209 1555 248 1608 sic
266 1573 325 1608 esse
343 1556 476 1625 scriptam,
490 1567 516 1610 ut
530 1557 586 1609 sive
598 1557 631 1610 ad
645 1557 712 1610 filius
724 1558 894 1627 pervenisset,
907 1573 924 1608 a
936 1556 1052 1608 consciis

142 1634 231 1692 posset
255 1624 374 1694 intelligi,
396 1627 451 1678 sive
475 1627 620 1696 intercepta
642 1639 720 1695 esset,
742 1626 845 1681 falleret
869 1629 979 1692 ignarus.
1015 1627 1053 1703 At

141 1694 211 1746 enim
232 1694 351 1763 Dimnus,
364 1711 425 1748 cum
444 1705 549 1756 ceteros
564 1696 704 1766 participes
723 1697 831 1750 sceleris
842 1695 977 1763 indicaret,
991 1694 1052 1762 Phr·

141 1762 221 1815 lotam
241 1780 290 1816 nun
312 1762 486 1818 nominavitl'
509 1765 566 1818 Hoc
585 1765 694 1834 quidem
715 1765 785 1818 illius
805 1781 856 1818 non
877 1763 1051 1829 innocentiae,

141 1833 188 1884 sed
201 1833 333 1901 potentiae
352 1833 479 1886 indicium
498 1843 546 1903 est,
559 1833 629 1903 quod
647 1835 686 1886 sic
704 1833 738 1888 ab
756 1834 788 1888 iis
806 1835 914 1888 timetur
929 1833 1021 1901 etiam,
1034 1849 1052 1883 a

140 1901 238 1969 quibus
258 1902 332 1971 prodi
351 1905 443 1972 potest,
466 1912 500 1971 ut,
522 1920 584 1958 cum
603 1903 637 1956 de
657 1920 685 1956 se
707 1904 846 1972 fateantur,
863 1899 938 1956 illum
961 1911 1050 1954 tamen

140 1970 235 2022 celent.
272 1973 395 2024 Ceterum
415 1972 545 2026 Philotam
568 1973 650 2051 ipsius
666 1971 765 2026 indicat
785 1973 846 2025 vita.
882 1972 932 2024 Hic
949 1975 1051 2040 Amyn·

141 2047 192 2107 tae,
212 2041 257 2109 qui
277 2040 344 2092 milri
359 2041 529 2094 consobrinus
547 2041 608 2095 furt⁴
626 2051 653 2094 et
670 2042 695 2094 in
715 2041 874 2096 Macedonis
892 2041 970 2118 capit-i
989 2056 1052 2094 meo

140 2107 236 2176 impias
247 2109 410 2178 comparavit
428 2109 542 2178 insidias,
556 2111 656 2163 socium
675 2127 705 2164 se
723 2119 750 2164 et
768 2112 902 2172 conscium
921 2110 1049 2179 adJunxit.

142 2176 191 2228 llic
214 2176 309 2246 Attalo,
332 2195 383 2246 quo
406 2178 553 2245 graviorem
578 2179 716 2234 inimicum
735 2196 787 2234 non
811 2181 912 2251 habui,⁶
935 2197 1051 2232 sororem

141 2261 217 2296 suam
238 2245 264 2298 in
285 2246 478 2300 matrimonium
499 2246 583 2300 dedit.
619 2248 675 2315 liic,
692 2265 753 2302 cum
773 2250 939 2319 scripsissem
960 2249 985 2302 ei

139 2313 197 2382 jure
219 2323 272 2366 tem
293 2315 430 2366 familiaris
450 2333 514 2368 esus
534 2325 614 2384 atque
633 2317 776 2388 amicitiae,
798 2319 883 2388 qualis
903 2335 958 2372 sors
977 2335 993 2372 e
1015 2320 1052 2370 ita

140 2391 211 2436 esset
234 2383 308 2436 Joris
330 2383 486 2436 Hammonis
512 2385 626 2456 oraculo,
651 2387 773 2440 sustinuit
802 2389 945 2442 rescribere
975 2387 1048 2456 mihi,

140 2468 169 2504 se
193 2451 303 2521 quidem
326 2453 553 2524 gratulari,quod
578 2455 604 2508 in
627 2473 768 2512 numerum
793 2455 904 2511 deorum
927 2466 1050 2527 receptus

159 2606 177 2668 Ι*
190 2599 245 2690 ‘I'fo
259 2601 346 2650 should
357 2603 387 2650 bs
398 2603 494 2660 moved,
507 2603 598 2666 change
615 2605 652 2653 his
668 2615 841 2662 countensuce,
854 2605 927 2654 listsn
937 2605 996 2654 with
1006 2621 1049 2654 en-

140 2661 404 2779 x¹ltllamel55sffrrilile
415 2661 568 2790 lxhighation
579 2721 606 2790 of
618 2722 659 2770 the
671 2732 765 2771 matter.

169 2781 178 2805 ³
190 2780 226 2824 As
237 2779 277 2826 the
289 2795 352 2826 noun
363 2782 463 2842 spiritus
475 2797 495 2829 rs
506 2792 646 2829 sometimes
657 2782 717 2830 used
729 2792 753 2828 to
764 2797 862 2842 express
873 2781 934 2842 lofty
945 2782 992 2832 and
1002 2781 1048 2831 fer·

140 2836 252 2896 reaching
263 2837 346 2896 hopes,
360 2855 387 2886 so
399 2839 455 2886 here
467 2839 506 2887 the
518 2842 583 2888 verb.
694 2845 697 2856 ¹

169 2895 250 2942 *This
263 2899 393 2954 Amyntas,
407 2898 447 2947 the
458 2914 501 2946 son
513 2899 540 2947 os
553 2898 689 2956 Perdiccas,
703 2915 753 2948 was
765 2900 858 2959 properl
888 2899 1050 2949 Alexander’s

133 2953 353 3020 srotcrpotroelis;
367 2957 456 3011 thetis,
468 2957 530 3005 their
538 2957 628 3005 fathers
638 2959 826 3006 werebrothers.
871 2961 998 3028 onsobripi,
1009 2975 1048 3008 ac·

140 3010 237 3078 cordrng
247 3021 270 3060 to
280 3013 426 3074 theoriginel
434 3015 611 3075 applicationes
619 3016 658 3063 the
668 3016 742 3072 word,
752 3033 791 3065 are
800 3017 841 3065 the
850 3033 906 3066 sons
914 3017 942 3066 of
948 3029 1047 3078 sisters3

140 3070 158 3117 it
169 3069 244 3124 often,
257 3070 378 3128 however,
391 3089 519 3132 expresses
530 3075 739 3135 cousins-germen
753 3075 885 3137 generally.
917 3077 972 3126 The
988 3077 1048 3126 chil-

139 3129 198 3177 dren
209 3127 237 3176 of
248 3132 379 3179 corisobrini
389 3148 428 3179 are
439 3136 528 3182 sobrini
539 3145 563 3181 to
574 3133 632 3181 each
644 3134 720 3182 other.

169 3195 177 3219 ¹
188 3187 296 3236 Because
308 3189 408 3238 Attalus
420 3207 470 3239 was
482 3193 523 3240 the
535 3192 604 3241 uncle
621 3193 648 3240 of
661 3193 798 3253 Cleopatra,
812 3194 892 3242 whom
905 3194 985 3254 Philip
1001 3194 1049 3244 had

139 3246 242 3295 married
249 3245 309 3294 after
316 3247 354 3295 his
361 3251 497 3308 separation
502 3251 563 3300 from
573 3251 709 3312 Olympias,
718 3254 758 3301 the
765 3253 860 3302 mother
866 3253 894 3302 uf
901 3253 1048 3304 Alexander.

140 3305 203 3354 This
214 3303 314 3354 Attalus
325 3305 371 3356 hed
382 3309 482 3357 exerted
491 3309 597 3364 himself,
612 3321 659 3366 too,
673 3322 697 3358 to
708 3311 805 3371 deprire
817 3312 957 3360 Alexander
967 3312 995 3362 of
1006 3311 1049 3360 the

139 3363 278 3412 successlon
291 3375 315 3412 tc
327 3365 367 3433 the
378 3377 535 3433 gpvemment
544 3368 572 3416 of
585 3368 712 3427 Macedon,
726 3369 773 3420 und
784 3381 808 3418 to
819 3386 903 3420 secure
915 3369 956 3420 the
967 3385 1050 3420 crcwn

138 3421 175 3472 for
185 3423 226 3490 the
237 3438 282 3472 son
292 3423 320 3472 of
331 3423 369 3473 hrs
380 3439 455 3472 nrece.
