2314 3886
351 179 370 214 f

400 261 403 268 ’
479 253 571 294 arnan
591 253 655 293 rur.
963 242 1022 300 m

108 370 202 416 tamen
214 362 327 429 gratiam
339 362 439 416 meriti¹
451 363 560 416 sceleris
571 365 701 432 atrocitas,
714 364 919 436 denuntiarique
939 364 1021 436 ussit,

109 441 139 486 ut
163 432 304 484 excederet
328 434 428 500 castris,-
454 449 506 485 neu
533 432 658 485 licentiae
686 432 812 487 barbarae
835 451 934 506 exemp
944 453 973 490 ar
995 437 1021 489 in
1062 443 1067 462 ⁸

106 503 270 556 Graecorum
285 517 371 554 mores
383 511 409 555 et
422 502 496 555 mitia
508 503 613 570 ingenia
626 503 785 555 transferret.

148 577 187 624 13.
209 572 304 642 Dahae,
324 572 485 643 Spitamenis
501 573 584 626 caede
603 582 744 642 comperta,
759 573 954 643 Dataphernem
976 575 1022 627 de-

108 642 236 696 sectionis
254 643 312 713 ejus
330 644 495 713 participem,
509 645 627 696 vinctum
643 643 793 696 Alexandro
812 659 892 714 seque
912 614 1021 698 dedunt.

109 708 167 780 Die,
182 715 299 766 maxima
317 715 497 783 praesentium
515 730 637 766 curarum
656 723 730 781 parte
748 711 880 780 liberatus,
894 715 1021 768 convertit

109 782 232 836 animum
245 781 279 835 ad
293 783 467 836 vindicandas
484 783 594 854 injurias
611 798 710 851 eorum,
724 782 847 852 qnibusa
860 783 1023 851 praetoribus

88 853 167 904 :suis
179 869 258 904 avare
270 869 302 905 ac
315 854 427 922 superbe
440 854 627 924 imperabatur.
664 847 732 920 Ergo
751 851 846 904 Phrate
867 852 940 905 heroi
956 853 1020 921 Hyr·

110 921 218 974 caniam
239 931 266 974 et
287 922 395 975 Mardos
418 941 479 976 curn
504 923 618 992 Tapyris
641 921 755 990 tradidit,
776 870 972 990 mandavitque,
994 931 1022 974 ut

111 991 271 1060 Phradaten,
292 993 334 1045 cui
359 993 528 1062 succedebat,
550 994 584 1045 ad
608 1009 637 1045 se
661 993 688 1044 in
712 990 861 1044 custodiam
884 991 1023 1044 mitteret.²

111 1062 228 1128 Arsami,
259 1063 421 1130 Drangarum
453 1062 594 1132 praesecto,
625 1061 783 1114 substitutus
813 1069 854 1113 est
883 1059 1006 1113 Stasanor
1014 1077 1022 1128 3

110 1133 227 1182 Arsaces
249 1130 275 1182 in
299 1131 420 1185 Mediam
442 1133 547 1202 misena,
569 1142 598 1184 ut
619 1130 754 1200 Oxydates
777 1129 838 1184 inde
862 1129 1020 1184 discederet.

111 1199 266 1269 Babylonia,
279 1200 415 1254 demortuo
427 1202 548 1269 Mazaeo,
562 1201 680 1254 Stameni
693 1199 814 1270 subjecta
826 1209 875 1254 est.

150 1275 190 1323 14.
209 1269 257 1322 His
268 1271 421 1339 compositis
438 1272 513 1324 tertio
533 1287 628 1324 mense
647 1285 681 1324 ex
702 1270 829 1323 hibernis⁸
845 1269 929 1322 morit
947 1285 1021 1322 exer·

111 1339 204 1404 citum,
219 1341 361 1408 regionem,
375 1356 443 1409 quae
457 1341 566 1394 Gabaza
583 1340 739 1410 appelletur,
751 1340 880 1393 aditurus.
917 1338 1022 1392 Primus

110 1408 171 1462 dies
189 1409 310 1530 <piatum
334 1410 384 1462 iter
407 1410 544 1480 praebuit:
569 1410 705 1480 proximus
727 1410 752 1462 ei
775 1408 891 1462 nondum
911 1409 1021 1480 quidem

109 1480 273 1548 procelosus
296 1489 323 1532 et
349 1481 437 1549 tristis,
461 1479 596 1534 obscurior
621 1488 712 1532 tamen
737 1480 864 1550 pristino,⁴
887 1495 937 1531 non
964 1479 1020 1532 eine

110 1548 193 1601 minis
209 1550 354 1603 crescentis
372 1550 435 1603 mali
454 1550 599 1619 praeteriit.
635 1547 724 1602 Tertio
736 1549 771 1603 ab
783 1549 854 1601 omni
866 1557 940 1618 parte
952 1546 1021 1600 coeli

101 1619 228 1670 ‘emicare
241 1619 351 1687 fulgura,
366 1629 393 1672 et
406 1636 476 1672 nnnc
488 1618 659 1671 internitente
671 1618 741 1686 luce,
754 1635 825 1670 nunc
843 1617 956 1687 condita,
970 1631 1021 1670 nou

110 1687 202 1741 oculos
222 1689 300 1742 modo
321 1691 445 1742 meantis⁵
464 1688 604 1755 exercitus,
626 1687 673 1740 sed
697 1688 779 1740 etiam
799 1687 903 1742 animoa
924 1694 1021 1738 terrere

110 1768 262 1827 coeperant.
307 1759 370 1811 Erat
394 1773 474 1829 prope
498 1757 637 1810 continuus
660 1755 728 1809 coeii
752 1755 845 1827 fragor,
870 1764 897 1808 et
920 1754 1021 1825 passim

16 1877 17 1890 ,
110 1828 263 1881 cadentium
276 1827 420 1880 fulminum
432 1827 537 1896 species
549 1825 690 1880 visebatur.
720 1826 846 1879 Attonitis
865 1841 899 1878 ue
910 1823 1021 1878 auribus

16 1899 17 1964 ζ
110 1905 220 1966 stupens
237 1913 333 1965 agmen
352 1913 403 1950 nee
421 1896 548 1966 progredi,
562 1912 612 1948 nec
630 1895 775 1947 consistere
789 1895 859 1948 aude
897 1903 914 1946 t.
951 1894 1021 1946 Tum

16 2027 17 2032 η
110 1975 220 2036 repente
233 1967 319 2020 imber
330 1966 486 2034 grandinem
499 1964 630 2017 incutiens
643 1963 764 2016 torrentis
775 1963 855 2018 modo
867 1962 1020 2017 effunditur.

16 2069 17 2106 ,
110 2037 152 2090 Ac
164 2036 247 2106 primo
263 2036 371 2106 quidem
391 2036 473 2088 armis
490 2035 546 2086 auis
563 2033 626 2086 tecti
645 2041 813 2103 exceperant,
832 2033 880 2086 sed
897 2033 953 2102 jam
971 2049 1021 2086 nec

16 2109 17 2116 ’
110 2106 224 2158 retinere
241 2121 316 2158 arma
334 2105 452 2158 lubricae
471 2111 497 2155 et
516 2104 632 2172 rigentes
649 2119 745 2155 rnanus
758 2111 887 2172 poterant,
902 2119 951 2155 nec
969 2101 1020 2173 ipsi

109 2175 250 2245 destinare,
270 2176 394 2245 inquam
416 2173 549 2242 regionem
571 2173 738 2226 obverterent
758 2189 874 2243 corpora,
893 2189 954 2226 eum
973 2189 1020 2224 un·

16 2249 17 2254 ’
109 2244 191 2314 dique
204 2246 369 2315 tempestatis
378 2243 503 2297 violentia
516 2243 606 2313 major,
620 2258 701 2312 quam
711 2242 849 2314 vitabatur,
862 2251 1019 2295 occurreret.

111 2315 179 2382 Ergo
196 2315 331 2369 ordinibus
349 2315 443 2369 scintis
460 2329 507 2383 per
525 2321 609 2364 toturn
621 2312 718 2364 saltum
731 2313 910 2365 errabundum
922 2327 1020 2378 agmen

16 2421 17 2426 =
109 2384 242 2437 ferebatur
250 2401 257 2454 ;
271 2385 401 2456 multique
414 2383 485 2454 prius
497 2392 579 2450 metu,
592 2399 674 2450 quam
687 2381 776 2435 labore
788 2382 935 2460 defatigati,
949 2395 1019 2450 proa-

16 2729 17 2732 ’
108 2709 170 2758 sslf!

109 2463 239 2506 trarerant
258 2454 333 2508 humi
351 2469 466 2524 corpora,
483 2467 645 2522 quamquam
665 2451 778 2505 imbrem
792 2451 833 2504 ris
847 2451 947 2519 irigorrs
958 2465 1020 2502 eon·

16 2561 17 2606 ἑ
108 2531 180 2575 creto
197 2523 259 2592 gelu
277 2522 454 2578 astrinxerat.⁸
488 2521 543 2574 Alii
560 2538 589 2574 se
608 2521 742 2590 stipitibus
755 2520 879 2574 arborum
894 2519 1019 2572 admove·

137 2656 144 2680 ¹
157 2651 228 2700 ‘The
236 2651 280 2711 joy
290 2649 337 2699 and
348 2647 468 2710 gratitude
479 2644 585 2706 inspired
595 2647 628 2704 by
638 2643 680 2692 the
691 2643 784 2692 service
795 2642 911 2692 rendered
921 2611 1018 2693 tebius-

136 2769 396 2887 :gyffldhfzgelcrlding
407 2835 432 2874 to
442 2823 563 2875 whachas
573 2837 635 2882 gone
647 2821 738 2881 before,
751 2820 799 2871 had
810 2823 873 2870 been
883 2820 908 2870 in
917 2821 958 2871 the
969 2821 1017 2872 dis·

111 2887 163 2934 trict
174 2887 202 2934 os
211 2887 233 2934 N
238 2898 329 2935 autaca.

139 2951 147 2972 ⁴
158 2945 302 3006 Equivalent
315 2956 340 2994 to
348 2947 433 3008 priore.
676 3000 681 3009 .

140 3003 301 3064 ¹Equirnient
320 3016 345 3052 to
361 3003 543 3066 progredientis.
575 3001 660 3049 Meare
675 3017 695 3049 re
711 3016 726 3048 a
741 2999 875 3048 scmewhat
892 3015 953 3057 rare,
971 2999 1019 3050 and

16 3039 17 3066 ἶ
112 3063 189 3112 rather
205 3064 306 3124 poetical
318 3063 391 3119 word,
406 3061 463 3111 need
481 3064 512 3122 by
525 3061 634 3116 Curtius,
647 3059 673 3106 in
688 3059 782 3106 several
798 3074 921 3119 passages,
937 3054 965 3107 of
977 3057 1018 3108 the

112 3124 194 3171 breatb
206 3125 331 3186 (spiritus),
345 3123 403 3170 then
414 3120 441 3169 os
448 3122 523 3170 rivers
534 3119 580 3168 and
591 3119 668 3178 ships,
681 3116 761 3166 which
773 3133 843 3166 sucre
854 3118 982 3179 according
993 3127 1018 3166 tc

112 3181 528 3300 teritur?nitrariae
540 3235 651 3286 arana
663 3233 1018 3284 conseranensem

112 3299 168 3348 ircst
178 3300 194 3356 ;’
212 3298 263 3347 that
279 3300 308 3356 is,
324 3299 379 3346 ‘the
395 3298 448 3347 ccld
461 3313 511 3346 rrae
526 3313 555 3346 so
570 3297 674 3351 intense,
686 3295 738 3343 that
755 3295 796 3342 tha
812 3295 863 3343 rain
875 3293 955 3341 which
970 3293 1018 3342 had

16 3371 17 3398 ἐ
111 3359 182 3407 fallen
193 3374 243 3406 was
254 3358 333 3406 alread
362 3357 467 3406 srozenr’
480 3357 521 3404 the
532 3355 673 3415 expression
686 3356 743 3417 gela
753 3351 1016 3412 coceretcispoetica13

112 3419 146 3468 ior
155 3419 270 3479 thegein,
282 3418 323 3466 the
335 3373 437 3484 fraenis
452 3426 494 3464 not
510 3415 579 3464 itaelf
589 3423 727 3470 manetem,
741 3414 783 3461 but
800 3413 819 3482 ip
835 3411 920 3462 makes
933 3427 1018 3472 aquam

111 3487 282 3526 maerere-‘or
309 3477 388 3531 iacies.
402 3491 447 3523 ree.
478 3475 508 3522 In
523 3475 564 3522 the
577 3489 643 3522 same
655 3487 755 3522 manner
767 3471 833 3520 Orrd
843 3471 887 3520 has
898 3471 964 3520 sada
972 3473 1018 3522 aa

112 3533 278 3620 mihist&
291 3545 300 3584 t
318 3535 384 3596 ough
392 3536 450 3597 gela
459 3535 583 3595 astringit,
595 3543 636 3582 not
647 3533 804 3594 astringitur.
