2314 3886
430 271 522 314 ursan
542 274 606 314 vnt.
920 261 979 316 235

98 389 143 438 20.
163 383 266 454 Aequis
290 380 398 436 auribus
424 381 600 436 Callisthenes
622 383 705 437 veluti
727 383 825 437 vindex
854 385 979 454 publicae

58 453 198 508 libertatis
217 451 381 508 audiebatur.
418 453 590 522 Expresserat
610 470 661 506 non
681 454 871 508 assensionem¹
890 455 978 524 modo,

59 523 112 578 sed
139 525 223 578 etiam
242 539 345 592 vocem,
367 523 498 575 seniorum
522 523 672 592 praecipue,
694 524 790 592 quibus
812 525 901 592 gravis
924 533 980 577 erat

59 592 208 646 inveterati
237 591 316 646 moris
341 603 449 643 externa
473 591 591 644 mutatio.
629 593 687 646 Nec
711 593 853 662 quicquam
879 611 978 664 eorum,

59 679 136 732 quae
156 663 273 716 invicem
290 660 390 730 jactata
409 670 490 730 erant,
504 677 549 714 rex
562 661 706 730 ignorabat,
719 679 781 715 curn
800 671 858 731 post
876 663 978 734 aulaea,

60 749 136 802 quae
160 731 238 784 lectis
259 730 412 799 obduxerat,
435 739 523 783 staret.
559 731 640 798 Igitur
658 731 692 783 ad
713 732 782 800 Agin
803 740 829 784 et
853 733 978 785 Cleonem

60 802 146 869 misit,
160 808 190 854 ut
208 816 328 854 sermone
346 799 418 852 finito
437 799 562 853 barbaros
580 811 692 870 tanturn,
705 817 769 854 cum
781 802 910 868 intrasset,
924 818 980 880 pro·

62 869 196 924 cumbere
214 887 261 922 suo
279 885 353 922 more
374 877 538 939 paterentur:
560 878 587 922 et
606 870 684 950 paulo
703 879 769 941 post,
786 871 861 940 quasi
881 879 980 938 potiora

63 938 203 1008 quaedam
227 940 332 1007 egisset,
357 939 507 991 convivium
532 948 635 1010 repetit.
679 940 767 999 Quem
790 939 980 992 venerantibus

64 1007 165 1078 Persis,
185 1007 355 1078 Polypercon,
369 1008 413 1076 qui
433 1007 547 1061 cubabat
568 1026 647 1130 super
665 1027 763 1078 regern,
782 1026 918 1062 onumen
937 1009 980 1062 his

63 1088 160 1130 mento
181 1079 375 1146 contingentem
397 1076 511 1130 humum
533 1095 581 1146 per
611 1078 745 1132 udibrium
766 1079 853 1148 coepit
874 1077 978 1146 hortari,

17 1151 18 1168 ³
65 1158 94 1200 ut
109 1147 297 1200 vehementius
310 1145 335 1198 id
348 1155 469 1216 quateret
487 1146 520 1198 ad
539 1155 644 1216 terram,
658 1149 801 1218 elicuitque
821 1149 887 1200 iram
899 1148 979 1201 Alex-

17 1221 18 1254 ἲ
65 1216 152 1284 andri,
172 1234 251 1286 quam
273 1215 336 1268 olim
360 1216 448 1268 animo
469 1233 564 1286 capere
588 1233 639 1270 non
663 1227 773 1288 poterat.
810 1219 904 1286 ltaque
925 1233 978 1284 rex,

17 1293 19 1324 i
46 1287 107 1355 ,Tu
128 1294 227 1353 autem,
247 1285 338 1354 inquit,
358 1302 407 1338 nou
427 1285 595 1339 veneraberis
613 1287 678 1340 mel
714 1290 756 1341 An
777 1287 824 1342 tibi
846 1287 890 1340 uni
908 1287 979 1356 digni

17 1365 18 1394 ³
65 1355 192 1408 videmur
204 1357 263 1408 ess‘e
278 1355 407 1408 ludibrio?
443 1355 499 1424 Ille,
513 1371 563 1410 uec
576 1373 665 1424 regern
678 1357 797 1426 ludibrio,
812 1373 862 1409 nec
876 1373 904 1409 se
918 1374 979 1409 con·

17 1433 18 1470 1
41 1465 47 1482 χ
66 1435 172 1494 temptu
185 1424 294 1492 dignum
314 1441 381 1494 esse,
396 1425 537 1494 respondit.
572 1425 642 1480 Tum
661 1425 808 1480 detractum
829 1444 891 1479 eum
910 1426 979 1480 lecto

17 1507 18 1538 t
68 1511 115 1548 rex
142 1495 298 1564 praecipitat
325 1494 351 1547 in
380 1504 485 1547 terram.
522 1496 556 1548 Et
580 1513 639 1548 curn
665 1497 689 1548 is
713 1513 809 1566 pronus
831 1497 978 1566 corruisset,

17 1559 20 1608 ὲ
66 1564 193 1628 Videsne,
215 1563 307 1632 inquit,
329 1563 401 1617 idem
428 1574 454 1617 te
475 1563 579 1634 secisse,
599 1565 669 1634 quod
692 1565 718 1618 in
742 1566 793 1618 alio
818 1566 896 1646 paulo
917 1575 979 1618 ante

17 1645 19 1678 i
66 1633 193 1686 ridebas?
230 1634 264 1686 Et
284 1633 349 1685 tradi
369 1651 401 1686 eo
421 1635 446 1686 in
467 1634 613 1687 custodiam
631 1634 711 1705 jusso,
725 1635 873 1688 convivium
894 1636 978 1688 solvit.

17 1739 20 1748 .
67 1702 254 1772 Polyperconti
272 1702 380 1771 quidem
401 1711 500 1772 postea,
520 1705 647 1772 castigato
665 1704 718 1772 diu,
740 1705 856 1773 ignovit:
877 1705 901 1757 in
921 1705 979 1757 Cal-

19 1803 20 1813 .
67 1771 200 1826 listhenen
212 1771 275 1824 olim
289 1771 470 1824 contumaciae
483 1774 647 1840 suspectum2
657 1774 840 1842 pervicacioris
852 1774 907 1826 irae
920 1773 979 1826 luit.

17 1854 20 1888 t
67 1841 150 1908 Cujus
163 1839 313 1909 explendae
325 1849 428 1892 matura
440 1840 548 1893 obvenit
560 1843 671 1894 occasio.

17 1923 19 1958 t
104 1915 146 1962 21.
166 1911 228 1962 Mos
240 1917 303 1976 erat,
314 1918 342 1960 ut
356 1925 434 1978 supra
443 1907 545 1962 dictum
555 1920 602 1980 est,
615 1911 777 2032 principibus
789 1911 978 1981 Macedonum,

70 1979 174 2040 adultos
186 1977 282 2030 liberos
295 1977 403 2045 regibus
416 1978 527 2045 tradere,
540 1979 573 2032 ad
592 1981 685 2032 munia
722 1980 774 2033 aud
793 1980 906 2033 multum
926 1997 979 2032 ser·

18 2047 19 2098 i
71 2047 168 2099 vilibus
191 2045 354 2099 ministeriis³
373 2047 547 2100 abhorrentia.
591 2049 764 2102 Excubabant
788 2050 899 2102 servatis
919 2066 979 2102 noc·

18 2161 19 2164 ,
72 2115 136 2168 tium
149 2115 251 2168 vicibus
281 2115 374 2168 ro‘rimi
387 2115 487 2168 loribus
505 2117 563 2186 ejus
580 2117 674 2188 aedis,⁴
686 2119 713 2171 in
724 2135 777 2188 qua
795 2136 841 2171 ren
858 2120 978 2188 acquies-

71 2185 174 2238 cebat·
193 2186 243 2237 Per
263 2133 315 2238 hos
338 2184 448 2254 pellices
470 2185 701 2240 introducebantur
720 2188 771 2240 alio
794 2189 875 2256 aditu,
895 2205 977 2256 quam

18 2275 19 2306 t
72 2268 151 2324 quem
176 2255 272 2307 armati
294 2254 459 2308 obsidebant.
495 2255 580 2309 Iidem
604 2265 729 2327 acceptos
751 2257 786 2310 ab
809 2258 979 2326 agasonibus⁵

18 2347 19 2376 t
72 2341 161 2394 equos,
174 2342 236 2376 cum
256 2340 302 2376 rex
313 2341 471 2378 ascensurus
483 2335 561 2396 esset,
574 2327 761 2395 admovebant,
774 2328 978 2382 comitabantur-

18 2419 19 2444 :
72 2411 123 2462 qus
141 2404 167 2446 et
182 2403 332 2474 venantem,
348 2403 374 2446 et
396 2395 422 2446 in
442 2395 557 2466 proeliis,
574 2396 696 2449 omnibus
715 2396 814 2451 artibus
835 2397 979 2450 studiorum

18 2483 19 2518 t
73 2463 217 2517 liberalium
231 2463 337 2516 exculti.
365 2463 527 2534 Praecipuus
538 2465 619 2517 honor
632 2465 786 2536 habebatur,
799 2466 868 2536 quod
881 2466 978 2519 licebat

73 2532 225 2585 sedentibus
235 2532 310 2585 vesci
322 2548 383 2585 cum
397 2549 468 2601 rege.
493 2534 646 2600 Castigandi
659 2551 705 2586 eos
716 2535 870 2588 verberibus
882 2534 979 2587 nullius

18 2633 19 2638 =
56 2597 196 2670 'potestast
219 2611 323 2671 praeter
344 2601 430 2723 ipsum
455 2612 519 2655 erat.
555 2604 629 2656 Haec
652 2604 746 2656 cohors
765 2604 838 2658 velut
862 2606 977 2656 semina·

18 2689 19 2716 ι
74 2672 148 2724 rium⁷
165 2672 265 2724 (lucum
285 2687 347 2740 prae
361 2681 530 2740 ectorumque
550 2672 621 2741 apud
645 2673 808 2726 Macedonas
828 2673 891 2726 luit:
917 2672 979 2726 binc

18 2829 19 2834 ¹
102 2815 246 2873 '‘Assent;'
264 2816 321 2863 here
340 2815 381 2862 the
400 2824 483 2863 assent
498 2813 526 2862 of
540 2814 580 2862 the
597 2815 663 2863 mind
679 2816 852 2875 unexpressed‚
870 2816 906 2864 l'or
921 2816 938 2863 it
958 2817 979 2864 is

18 2927 19 2954 .
75 2873 784 2982 plffc‘eihidosstiihwbh'dtiohmshi’stddtddbrfesbsdih!orseiiacto
824 2935 830 2956 ’
863 2933 944 2982 There
958 2935 978 2982 is

76 3008 105 3040 no
115 2992 233 3060 necessity
243 2992 279 3040 ior
289 2949 421 3060 supposidg
438 2948 477 3039 tide)
489 2992 580 3062 ellipsis
592 2990 619 3040 of
630 2949 727 3041 erigimus
737 3007 763 3040 or
774 2949 865 3041 abydins
875 2994 899 3041 iu
910 2995 980 3042 ordor

18 3105 19 3118 ,
76 3063 99 3101 to
109 3050 202 3109 exploro
213 3050 253 3119 the
264 3063 369 3111 genitive
381 3061 543 3120 contumactae.
575 3051 622 3098 See
636 3051 716 3119 Graiu.
729 3051 742 3102 i
753 3055 806 3108 282,
820 3063 875 3100 note
888 3058 907 3100 l.

18 3119 19 3130 ¹
103 3109 167 3158 ’For
177 3124 191 3156 a
202 3119 280 3157 notrae
292 3109 319 3156 of
331 3109 372 3158 the
384 3120 495 3170 question
507 3109 617 3158 whether
628 3109 676 3158 this
692 3126 713 3158 rs
729 3110 769 3159 the
784 3111 863 3160 dative
875 3127 901 3160 or
912 3112 977 3160 abla-

77 3168 358 3276 tipe,33e⁸nppletvp.e5.sin
377 3227 429 3275 ular
456 3227 476 3275 is
495 3227 528 3275 ori
547 3226 603 3275 inall
631 3227 769 3278 suivalent
785 3238 833 3278 tor
863 3233 884 3279 cl
900 3247 927 3278 ue
950 3233 981 3277 ‘a

77 3242 388 3378 singleldr'geapartmentgj’
402 3263 459 3334 tuin
473 3243 621 3346 ‘ategrnpled
646 3243 661 3287 q
833 3248 862 3278 Μ
884 3248 898 3278 a
929 3265 934 3286 ’

103 3412 111 3436 ·
122 3345 262 3464 addidisset
274 3414 299 3452 to
310 3406 399 3453 nemini
406 3413 508 3467 potestur
520 3415 583 3454 erat.-
601 3405 860 3463 auctoramentum
872 3402 980 3452 whicbis

79 3481 145 3513 never
154 3463 221 3511 used.
240 3463 300 3532 ¹See
313 3463 411 3522 Zumpt,
425 3463 453 3516 ii
465 3467 493 3512 88
504 3465 550 3513 and
561 3469 613 3515 676.

105 3527 112 3551 ¹
124 3521 190 3572 ‘The
201 3522 418 3584 trarnrng-sohcol.’
