2264 3880
457 245 548 286 rtraae
569 247 599 286 x.
687 305 690 308 .
923 227 975 280 811

66 356 169 408 tionem.
203 353 259 416 Quo
275 355 375 419 quidem
392 360 501 418 tempore
519 371 549 402 cx
565 355 691 417 copiarum
710 353 814 403 ducibus
830 352 980 420 Agathocles

66 421 166 472 Samius
176 423 207 470 ad
216 429 352 472 extremum
362 419 462 483 periculi
472 420 544 477 venit,
553 422 614 482 quod
627 421 693 472 illias
702 420 823 468 tumulum
832 419 981 480 praeteriens

67 488 231 538 illacrimasse
243 488 308 536 visus
320 493 389 536 essct.
424 488 462 534 Ac
474 485 522 533 nisi
534 485 674 543 Perdiccas,
686 485 785 534 venanti
797 483 844 531 sibi
856 483 981 545 Hephaes-

66 552 160 602 tionem
178 553 318 614 apparuisse
336 552 474 609 emcntitus,
486 567 527 612 per
539 552 595 600 deos
612 567 696 598 onmes
713 550 839 611 ipsumque
857 549 981 610 Hephaes-

68 618 161 666 tionem
184 618 323 676 deicrasset,
345 633 375 666 ex
398 617 450 678 ipso
472 633 497 664 se
520 616 669 680 cognovisse,
693 613 855 679 Agathoclem
883 631 931 661 non
955 620 982 662 ut

69 689 200 739 mortuum,
223 689 247 732 ct
269 698 345 731 vanae
369 681 502 730 divinitatis
524 681 602 729 titulis
629 680 720 728 frustra
742 684 854 727 ornatum
877 677 981 737 flevisse,

69 764 153 796 verum
170 749 201 796 ob
218 747 362 796 memoriam
382 747 495 810 pristinae
514 746 648 795 sodalitatis
666 745 782 796 lacrimas
800 747 849 792 non
868 745 981 802 tenuisse

70 813 113 870 vir,
125 811 193 860 fortis
205 819 229 860 ct
241 814 270 860 de
283 828 340 876 rege
353 814 413 860 bene
426 813 528 860 meritus
540 811 637 874 pietatis
645 811 671 859 in
679 811 787 858 amicum
796 825 883 873 graves
890 825 980 870 poenas

71 877 169 926 innoxio
181 877 260 940 capite
272 878 433 939 pependisset

102 943 217 990 Ceterum
235 949 263 990 ut
275 943 396 1004 paulisper
409 959 423 990 a
435 943 503 990 luctu
519 949 631 990 avocaret
647 941 766 998 animum,
778 940 804 988 in
820 939 978 988 Cossaeorum

69 1014 169 1071 gentem
179 1007 358 1069 expeditionem
366 1008 478 1069 suscepit.
511 1008 578 1071 Juga
586 1007 684 1055 Mediae
693 1007 774 1054 vicina
781 1005 882 1053 Cossaei
891 1010 982 1062 tenent,

70 1089 185 1135 asperum
197 1079 222 1120 et
234 1089 289 1120 acre
301 1088 386 1136 genus,
398 1079 423 1120 et
440 1074 579 1134 praedando
590 1071 666 1119 vitam
683 1071 784 1120 tolerare
802 1069 907 1118 solitum.
941 1071 981 1117 Ab

70 1137 109 1186 his
121 1135 252 1186 Persarum
264 1153 333 1202 reges
345 1155 425 1186 annuo
433 1138 522 1185 tributo
534 1154 620 1199 pacem
630 1137 749 1184 redimere
759 1140 941 1193 consueverant,
950 1151 981 1183 ne

70 1203 96 1252 in
118 1204 230 1278 subjecta
252 1204 407 1251 decurrentes
424 1201 540 1250 infestam
559 1202 695 1250 latrociniis
717 1203 842 1265 regionem
865 1200 981 1248 fecerent.

69 1267 136 1318 Nam
148 1284 198 1315 vam
210 1275 358 1329 temptantes
374 1267 463 1316 Persas
475 1267 547 1316 facile
559 1269 720 1329 rcppulerant,
731 1267 861 1332 asperitate
873 1265 980 1312 locorum

68 1332 172 1391 defensi,
179 1333 273 1395 inquae
282 1349 308 1380 se
317 1332 475 1394 recipiebant,
483 1333 594 1394 quotiens
604 1332 680 1380 armis
689 1332 873 1395 superabantur.
901 1329 981 1378 Iidem

69 1399 211 1448 muneribus
227 1398 358 1460 quotannis
378 1399 542 1460 placabantur,
554 1403 581 1446 ut
598 1399 650 1461 regi
672 1397 813 1454 Ecbatanis,
830 1396 872 1444 ubi
889 1396 981 1442 aestiva

69 1464 162 1512 solebat
180 1479 262 1528 agere,
273 1463 423 1526 Babylonem
441 1463 585 1528 remigranti
602 1470 669 1512 tutus
686 1479 729 1524 per
746 1477 776 1510 ea
792 1462 846 1510 loca
862 1461 981 1509 transitus

69 1535 142 1577 esset.
176 1529 228 1578 Hos
246 1528 321 1592 igitur
339 1529 477 1577 Alexander
501 1529 615 1591 bipartito
637 1529 737 1591 agmine
758 1543 898 1590 aggressus,
917 1526 981 1573 intra

69 1594 233 1658 quadraginta
245 1593 297 1642 dies
309 1595 452 1656 perdomuit.
486 1594 551 1644 Nam
569 1595 601 1642 ab
612 1594 666 1654 ipso
678 1607 735 1655 rege
749 1598 773 1639 et
783 1592 928 1650 Ptolemaeo,
940 1591 980 1652 qni

70 1665 164 1721 partem
177 1659 297 1708 exereitus
308 1659 421 1716 ducebat,
432 1674 505 1720 saepe
518 1659 591 1717 caesi,
602 1665 630 1709 ut
641 1657 748 1719 captivos
766 1673 820 1704 suos
838 1655 982 1717 reciperent,

70 1723 203 1787 permisere
225 1741 250 1774 se
271 1725 363 1773 victori.
397 1724 442 1771 Ille
461 1723 553 1772 validas
575 1724 646 1770 urbes
668 1721 807 1784 opportunis
825 1721 884 1770 locis
902 1721 981 1768 extrui

71 1789 153 1853 jussit,
164 1806 195 1838 ne
208 1791 312 1838 abducto
324 1789 432 1836 exercitu
444 1788 496 1836 fera
513 1804 574 1852 gens
591 1786 754 1836 obedientiam
772 1792 876 1834 exueret.
909 1785 983 1834 Motis

70 1855 127 1902 inde
139 1854 233 1912 eastris¹
246 1860 273 1902 ut
284 1853 388 1902 militem
400 1853 552 1916 expeditione
564 1853 658 1902 recenti
677 1852 769 1900 fessum
788 1851 906 1908 reficeret,
918 1851 983 1899 lento

70 1918 171 1982 agmine
194 1918 344 1982 Babylonem
368 1919 520 1982 procedebat.
559 1917 665 1979 Jamque
683 1917 724 1964 vix
746 1915 849 1980 triginta
873 1915 903 1963 ab
923 1917 981 1964 urbe

70 1983 157 2031 stadiis
170 1985 260 2042 aberat,
273 1999 329 2032 cum
342 1983 470 2032 Nearchus
481 1983 595 2041 occurrit,
606 1999 677 2045 quem
689 1996 731 2044 per
749 1981 876 2030 Oceanum
893 1986 917 2028 et
934 1981 982 2029 Eu-

70 2047 166 2110 phratis
183 2049 246 2096 ostia
258 2049 406 2112 Babylonem
425 2048 599 2110 praemiserat:
617 2049 757 2109 orabatque,
769 2063 800 2094 ne
817 2045 918 2095 fatalem
935 2045 982 2094 sibi

70 2114 156 2161 urbem
168 2113 239 2162 vellet
250 2113 352 2178 ingredi.
385 2114 542 2175 compertum
561 2114 585 2161 id
597 2113 645 2160 sibi
657 2129 687 2160 ex
697 2110 836 2170 Chaldaeis,
847 2111 887 2174 qui
900 2111 983 2159 multis

72 2180 127 2244 jam
139 2177 331 2241 praedictionum
343 2180 469 2227 eventibus
481 2179 540 2226 artis
552 2195 609 2227 suae
626 2177 798 2227 certitudinem
817 2176 913 2226 abunde
930 2193 983 2238 prm

70 2243 200 2292 bavissent.
232 2243 292 2302 Rex,
304 2245 371 2292 fama
382 2259 466 2292 eorum
477 2244 604 2292 hominum
622 2243 787 2305 constantique
805 2242 982 2290 asseveratione

70 2315 158 2367 motus,
176 2309 284 2358 dimissis
302 2310 329 2358 ia
348 2311 433 2358 urbem
454 2309 590 2358 amicorum
609 2309 737 2372 plerisque,
757 2309 806 2356 alia
826 2307 866 2355 via
885 2313 982 2370 praeter

70 2374 221 2438 Babylonem
233 2375 308 2434 ducit,
320 2392 349 2424 ac
369 2376 481 2423 ducentis
499 2375 556 2424 inde
575 2375 663 2424 stadiis
681 2373 769 2422 stativa
786 2373 858 2421 locat.
891 2373 937 2420 Sed
951 2375 982 2421 ab

70 2440 217 2488 Anaxarcho
233 2441 375 2504 philosopho
394 2442 502 2498 edoctus,
515 2441 661 2503 contemptis
678 2439 855 2488 Chaldaeorum
874 2439 981 2497 monitis,

69 2521 172 2568 quorum
183 2505 339 2567 disciplinam
351 2506 450 2554 inanem
467 2512 511 2553 aut
527 2521 701 2568 supervacuam
713 2505 884 2561 arbitrabatur,
895 2505 980 2551 urbem

69 2571 152 2619 intrat
180 2570 676 2635 Iegetioneseoexuniversosermeorbe
684 2569 857 2618 confluxerant.
886 2567 981 2624 Quibus

70 2653 112 2698 per
124 2636 259 2697 complures
271 2636 323 2683 dies
334 2637 441 2684 studiose
453 2636 551 2695 auditis,
559 2637 675 2698 deinceps
684 2636 715 2684 ad
728 2633 916 2696 Hephaestionis
928 2649 981 2682 cxc-

68 2703 139 2764 quias
151 2701 242 2766 adjecit
253 2701 371 2748 animum.
398 2700 470 2756 Quae
481 2717 578 2749 summo
588 2701 699 2749 omnium
710 2699 790 2747 studio
799 2699 834 2748 ita
843 2699 980 2746 celebratae

70 2773 134 2824 sunt,
146 2771 174 2815 ut
181 2765 272 2814 nullius
283 2765 315 2814 ad
326 2766 352 2814 id
364 2774 461 2828 ternpus
472 2765 538 2830 regie
549 2765 635 2814 feralia
651 2764 822 2830 magnitudine
840 2770 980 2826 sumptuum

71 2838 248 2896 apparatusque
266 2831 406 2880 celebritate
418 2831 588 2880 convicerint
621 2831 680 2880 Post
696 2831 758 2879 haec
776 2830 865 2892 cupido
881 2829 982 2878 incessit

72 2897 124 2960 regi
136 2911 178 2958 per
190 2895 346 2959 Pallacopam
359 2911 458 2946 amnem
476 2898 507 2946 ad
519 2898 630 2946 Arabum
648 2895 753 2946 confinia
770 2895 917 2958 navigandi;
933 2911 981 2957 quo

71 2961 173 3018 delatus,
184 2962 238 3010 urbi
251 2961 394 3011 condendae
406 2963 535 3011 commoda
546 2963 603 3010 sede
620 2967 723 3024 reperta,
734 2960 883 3009 Graecorum
901 2969 980 3009 aetate

71 3032 115 3074 aut
125 3027 263 3075 vulneribus
276 3027 402 3086 invalidos,
414 3035 438 3076 et
449 3029 471 3076 si
482 3028 523 3091 qui
535 3033 619 3090 sponte
631 3030 807 3083 remanserant,
818 3025 853 3074 ibi
871 3027 980 3074 collocat

70 3090 167 3147 Quibus
174 3092 328 3140 exsententia
337 3094 459 3155 perfectis,
465 3095 518 3158 jam
526 3093 601 3140 futuri
609 3107 708 3140 securus
713 3090 849 3140 Chaldaeos
857 3091 980 3149 irridebat,

70 3157 132 3219 quod
142 3155 291 3219 Babylonem
297 3172 345 3205 non
354 3157 479 3222 ingressus
489 3163 585 3206 tanturn
594 3163 659 3205 esset
667 3155 804 3214 incolumis,
813 3172 895 3206 verum
905 3157 980 3204 etiam

70 3221 222 3270 excessisset.
257 3221 388 3271 Enimvero
405 3223 533 3271 revertenti
550 3237 593 3284 per
610 3222 717 3286 paludes,
728 3237 788 3284 quas
806 3221 944 3283 Euphrates
954 3221 979 3270 in

72 3284 228 3348 Pallacopam
240 3286 334 3336 effusus
345 3288 427 3348 efficit,
435 3289 531 3338 foedum
540 3303 612 3336 omen
621 3289 729 3338 oblatum
737 3291 781 3334 est.
811 3285 905 3350 Quippe
918 3286 981 3334 rami

71 3352 173 3414 desuper
190 3351 359 3414 impendentes
376 3354 513 3402 detractum
531 3352 605 3414 capiti
623 3355 691 3420 regio
707 3354 821 3402 diadema
832 3354 982 3418 proJeeerunt

71 3418 97 3466 in
109 3415 203 3466 duetus.
236 3416 298 3465 Cum
310 3418 399 3466 deinde
411 3420 461 3467 alia
472 3435 544 3484 super
556 3419 606 3468 alia
617 3419 756 3486 prodigiosa
767 3421 792 3464 et
802 3417 910 3468 minacia
921 3431 981 3465 nun·
