2438 3886
530 259 622 304 meaa
640 261 682 300 ru.
1022 241 1060 300 57

154 368 261 442 adjecit,
280 379 309 423 ut
327 380 411 424 turres
427 370 453 422 in
472 369 561 422 medio
579 369 710 422 excitatae
727 367 817 438 procul
835 367 881 420 tsli
894 365 966 437 jactu
985 366 1062 420 abes·

155 450 221 494 sent.
256 440 338 492 Totas
356 448 445 492 autem
466 439 572 491 arbores
590 455 651 491 cum
672 439 822 506 ingentibus
840 438 921 490 ramis
935 436 961 488 in
977 436 1061 490 altum

154 510 294 578 jaciebant,
315 508 413 560 deinde
433 509 503 560 saxis
520 509 671 576 onerabant,
685 525 826 578 russusque
843 505 951 562 cumulo
970 523 1062 560 eorum

155 578 222 631 alies
238 578 345 644 arbores
362 576 524 647 injiciebant,
539 587 593 628 tum
612 577 711 629 humus
728 577 910 645 aggerebatur,
929 591 1062 645 superque

155 647 207 700 elia
235 661 306 700 strue
336 663 457 699 saxorum
487 647 650 714 eborumque
678 645 820 716 cumulata,
845 645 919 698 velut
946 645 1062 714 quodam

155 734 224 770 nexu
249 717 386 768 continens
409 733 475 785 opus
496 715 645 784 junxerant.
691 715 751 768 Neo
774 715 854 785 Tyrii,
877 715 1004 784 quiequid
1027 713 1062 766 ad

156 785 352 854 impediendam
372 785 469 838 molem
488 783 630 853 excogitari
646 792 755 853 poterat,
769 785 883 852 seguiter
894 783 1063 852 exequeban-

156 865 205 908 tur.
236 855 411 924 Praecipuum
421 854 547 907 auxilium
559 861 622 922 erat,
633 852 679 922 qui
691 852 780 923 procul
792 852 908 906 hostium
919 861 1063 921 conspectu

156 923 279 978 subibant
297 925 413 993 aquam,¹
425 923 580 992 occultoque
592 922 678 991 lapsun
689 922 723 975 ad
736 922 835 976 molem
847 937 931 991 usquc
944 931 1063 990 penetra-

156 993 226 1061 bant,
241 993 356 1046 falcibus
372 993 496 1062 palmites
510 993 631 1046 arborum
645 992 820 1045 eminentium
832 991 865 1044 ad
878 1009 907 1044 se
921 991 1062 1060 trahentes,

156 1079 225 1132 quae
245 1063 290 1116 ubi
311 1074 419 1115 secutae
439 1071 519 1132 eraut,
539 1061 665 1132 pleraque
684 1077 775 1114 secum
794 1062 821 1114 in
840 1061 1000 1130 profundum
1019 1059 1064 1116 da-

156 1131 247 1187 bant:³
266 1146 322 1184 tum
339 1132 441 1184 levatos
457 1149 536 1184 onere
555 1131 659 1200 stipites
676 1139 833 1200 truncosque
848 1131 980 1186 arborum⁴
992 1129 1064 1182 haud

156 1217 235 1269 aegre
248 1201 436 1256 moliebantur:
456 1201 553 1253 deinde
565 1209 650 1253 totum
662 1216 736 1270 opus,
749 1200 818 1270 quod
835 1199 968 1270 stipitibus
980 1199 1065 1251 suerat

156 1271 283 1341 innixum,
296 1271 468 1324 fundamento
485 1270 558 1341 lapso
575 1269 744 1348 sequebatur.
780 1272 867 1339 Aegm
885 1270 965 1322 animi
984 1267 1065 1322 Alex·

156 1339 245 1409 andro,
257 1357 308 1394 nec
361 1338 664 1408 rseveraret,anab1ret
682 1341 747 1392 satis
765 1341 855 1408 certo,⁵
867 1339 961 1392 classis
979 1339 1065 1406 Cypro

156 1409 271 1478 advenit,
284 1427 315 1462 eo
336 1426 433 1478 emque
451 1418 569 1477 tempore
588 1407 728 1460 Cleanded’
739 1425 802 1462 cum
818 1409 927 1462 Graecis
938 1407 1065 1461 militibus

157 1480 184 1532 in
203 1479 295 1532 Asiam
315 1496 398 1550 nuper
415 1477 552 1530 advectus.
587 1477 703 1530 Centum
722 1486 749 1530 et
767 1477 898 1546 octoginta
915 1477 1020 1545 navigia
1038 1477 1065 1528 in

156 1548 209 1601 duo
220 1547 312 1600 dividit
324 1565 421 1602 cornua
429 1565 436 1616 5
455 1547 561 1601 laevum
581 1547 751 1616 Pnytagoras,
764 1563 810 1600 rer
825 1547 988 1616 Cypriorum,
1002 1562 1064 1600 cum

157 1619 261 1670 Cratero
277 1617 406 1686 tuebatur,
424 1616 607 1670 Alexandrum
624 1617 649 1669 in
667 1615 760 1669 dextro
777 1616 976 1686 quinqueremis
994 1615 1065 1682 regia

157 1685 280 1740 vehebat.
316 1687 375 1740 Neo
394 1686 475 1756 Tyrii,
489 1703 651 1756 quamquam
665 1685 781 1740 classem
796 1685 936 1752 habebant,
949 1684 1007 1736 ausi
1019 1701 1064 1736 na·

157 1755 216 1808 vale
235 1756 299 1809 inire
317 1765 466 1810 certamen:
486 1752 532 1808 tris
543 1755 659 1808 omnino⁷
672 1764 734 1808 aute
750 1755 808 1826 ipae
823 1755 927 1808 moenia
938 1769 1065 1823 opposue-

157 1833 223 1892 runt,
236 1825 333 1894 quibus
345 1841 390 1880 rex
403 1826 532 1893 invectus,
545 1825 615 1894 ipsas
626 1825 761 1878 demersit.

194 1900 231 1946 14.
257 1894 364 1948 Postera
386 1895 430 1947 die
454 1893 538 1946 classe
561 1893 594 1946 ed
618 1893 724 1946 moenia
742 1893 857 1962 admota,
878 1892 994 1960 undique
1016 1901 1065 1943 tor-

157 1963 254 2017 mentis
272 1972 299 2016 et
316 1965 433 2018 maxime
450 1965 563 2016 arietum
581 1963 657 2031 pulsa
674 1978 764 2014 muros
781 1963 880 2030 quatit:
904 1977 970 2030 quos
988 1961 1063 2028 Tyrii

157 2033 250 2102 raptim
274 2033 414 2086 obstructis
436 2033 508 2085 saxis
529 2031 685 2100 refecerunt,
706 2029 857 2084 interiorem
878 2047 983 2099 quoque
1007 2046 1065 2084 mu·

158 2118 224 2170 rum,
243 2109 279 2222 ut,
299 2103 321 2154 si
338 2103 406 2180 prior
424 2101 581 2169 fefellisset,⁸
597 2100 642 2154 illo
660 2117 689 2152 se
708 2108 849 2168 tuerentur,
869 2101 984 2170 undique
1003 2100 1064 2152 orsi.

156 2169 208 2224 Sed
226 2185 259 2222 un
282 2171 343 2239 ique
355 2189 396 2224 vis
407 2170 471 2224 mali
488 2170 612 2239 urgebat:
630 2169 716 2224 moles
733 2170 801 2222 intra
819 2169 864 2222 teti
880 2168 981 2238 jactum
1000 2179 1063 2238 erat,

157 2238 251 2292 classis
274 2241 379 2293 moenia
399 2239 562 2309 circumibat,
582 2239 698 2293 terrestri
721 2238 801 2292 simul
823 2239 964 2308 navalique
986 2238 1064 2290 clade

157 2307 340 2362 obruebantur.
376 2310 480 2380 Quippe
504 2309 580 2363 binas
602 2308 793 2378 quadriremes⁹
814 2307 979 2362 Macedones
997 2309 1064 2360 inter

157 2395 186 2430 se
208 2379 245 2430 ita
266 2379 413 2449 junxerant,
435 2389 463 2432 ut
483 2395 574 2449 prorae
597 2378 776 2446 cohaererent,
796 2393 899 2448 puppes
918 2377 1063 2446 intervallo,

186 2511 295 2572 ¹Aquam
302 2513 380 2560 subire
388 2527 443 2572 may
454 2512 484 2560 be
495 2508 626 2568 expressed
637 2510 669 2570 by
678 2523 723 2556 one
733 2508 807 2565 word,
818 2509 921 2565 urinari,
935 2513 974 2557 ‘to
982 2507 1037 2556 dive
1044 2505 1063 2566 ς’

158 2572 275 2626 stricatae,
291 2577 320 2617 ‘a
330 2569 414 2619 diver.’

185 2634 195 2658 ⁵
207 2629 364 2698 ‘Suimming
373 2629 449 2678 under
456 2629 548 2676 water!
576 2625 631 2675 'I'he
643 2627 735 2674 motion
745 2635 810 2674 must
820 2625 882 2674 have
893 2627 955 2674 been
966 2625 1065 2686 flosting

158 2687 439 2802 andqiqisrpgdqtqbrstdoew
448 2745 519 2794 down
530 2745 580 2792 into
591 2744 632 2792 tbs
643 2744 687 2813 dee
706 2745 721 2791 .’
749 2743 778 2791 In
788 2743 830 2815 the
841 2757 908 2791 sams
919 2757 1018 2792 manner
1026 2757 1064 2791 we

158 2804 206 2852 find
216 2809 291 2853 hostes
301 2807 364 2867 insa
382 2823 419 2854 om
429 2809 493 2861 dore,
509 2811 547 2852 ‘to
558 2815 599 2863 put
612 2813 637 2851 to
647 2759 717 2865 flrght
726 2803 742 2860 ;'
755 2820 782 2851 se
791 2820 817 2851 sn
827 2819 935 2864 praeceps
945 2806 1010 2859 dora,
1025 2807 1064 2850 ‘to

158 2863 235 2912 throw
246 2823 382 2913 onds-seih
388 2865 461 2912 down
471 2863 607 2923 headlong.'
682 2921 687 2930 Ι

187 2922 271 2990 “That
288 2923 317 2979 is,
335 2940 361 2971 as
378 2923 418 2971 the
435 2934 491 2972 next
508 2933 623 2970 sentence
639 2920 764 2978 indicates,
777 2920 847 2970 those
862 2920 950 2970 trunks
961 2920 988 2970 of
1000 2931 1064 2970 trees

158 2979 237 3028 which
249 2981 334 3030 served
345 2997 371 3031 as
382 2999 397 3030 a
406 2982 553 3030 foundation.

171 3097 175 3106 Ι
188 3039 351 3109 *Nec-certo.
385 3041 456 3090 ‘And
467 3041 558 3122 unable,
565 3050 591 3088 tc
601 3039 674 3089 make
684 3054 716 3099 up
727 3038 765 3088 his
776 3038 841 3088 mind
852 3038 961 3088 whether
971 3049 997 3089 to
1007 3053 1063 3088 con·

157 3098 563 3265 :gentihddrldaddegredddadendltdhinudtt'o
574 3158 630 3218 tevy
640 3156 742 3208 soldiers
755 3157 781 3206 in
795 3157 986 3217 Peloponnesus.
1017 3156 1063 3204 See

194 3252 200 3263 .
221 3232 244 3263 n.
273 3253 278 3264 .

187 3275 258 3323 'Out
268 3274 296 3322 os
306 3277 403 3324 classem
412 3291 456 3336 sup
510 3293 590 3324 moes.

186 3339 195 3366 ⁰
208 3333 314 3382 ‘Should
325 3334 386 3383 have
395 3275 540 3404 sstiliffim
550 3336 574 3383 in
583 3335 645 3384 their
653 3334 738 3406 needj'
753 3333 809 3384 ‘lest
819 3334 886 3384 them
895 3334 919 3382 in
928 3333 969 3382 the
978 3331 1062 3380 lurch’

186 3396 195 3424 ⁹
206 3393 261 3442 The
272 3408 315 3441 use
326 3391 355 3440 os
366 3393 407 3442 tha
418 3392 571 3444 dtstnbuuvs
581 3393 691 3442 numeral
700 3397 768 3442 bunos
778 3394 861 3442 shows
871 3392 924 3442 that
934 3391 1002 3440 there
1013 3405 1065 3440 was

158 3450 459 3572 pwcpqqqqqqqlplp'qmber
469 3453 498 3500 of
508 3452 578 3502 these
594 3453 694 3514 hosting
709 3451 842 3510 machinos,
853 3451 913 3502 each
924 3448 1017 3499 formed
1031 3451 1065 3511 by
