2264 3880
484 257 576 298 ιιιιιιι
594 259 631 298 x.·
756 241 759 246 '
947 244 1004 300 885

100 377 263 433 qumquam
281 363 316 417 ab
332 364 484 418 auctoribus
501 365 596 418 tradita
612 376 660 435 est,
673 383 770 420 vanarn
782 366 866 422 fuisse
877 367 1004 436 comperi·

7 459 11 472 ·
99 449 170 486 mna.
207 434 242 486 Et
251 431 359 502 quidem
372 450 433 486 eoas
443 434 555 502 quisque
567 451 638 504 opes,
651 435 742 489 divisis
759 436 863 506 imperii
880 436 1004 506 partibus,

7 501 11 580 J,
99 501 256 555 tuebantur:
274 518 341 570 quas
359 501 409 571 ipsi
428 502 608 571 fundaverant,
628 505 650 557 si
669 522 787 574 unquam
807 504 934 558 adversus
954 506 1003 560 im·

99 571 220 624 modicas
242 571 399 639 cupiditates
422 572 549 625 terminus
575 574 673 625 staret.l
709 574 812 644 Quippe
839 574 916 643 paulo
942 583 1004 628 ante

100 639 171 708 regis
191 639 310 707 ministri,
330 641 419 709 specie
440 641 544 710 imperii
564 639 643 694 alieni
670 642 832 712 procurandi,
853 643 947 710 singuli
968 644 1004 698 io·

99 709 191 777 gentia
210 708 359 762 invaserant
379 726 468 778 regna,
481 708 591 762 sublatis
608 711 782 764 certaminum
795 713 891 775 causis,
904 730 965 766 cum
978 722 1005 766 et

7 829 10 848 ι
99 793 195 832 omnen
204 777 326 847 ejusdem
342 779 429 846 gentis
440 786 536 846 essent,
550 789 577 831 et
589 795 605 830 a
617 781 713 834 ceteris
724 781 764 834 sui
776 781 888 850 quisque
901 780 1005 850 imperii

7 849 11 915 j
100 847 206 915 regione
224 847 340 902 discreti.
376 847 426 902 Sed
445 847 554 904 difficile
574 857 629 901 erat
648 867 680 902 eo
699 859 838 910 contentos
854 866 921 917 esse,
935 851 1004 918 quod

7 921 9 930 ’
99 915 231 970 obtulerat
248 916 366 970 occasio:
385 917 483 987 quippe
504 917 610 970 sordent
630 919 715 987 prima
732 935 863 988 quaeque,
875 935 937 972 cum
951 936 1004 972 ma·

7 1035 8 1044 ,
98 983 156 1054 jora
167 994 312 1054 sperantur.
348 985 441 1054 Itaque
453 986 584 1065 'omnibus
596 988 746 1057 expeditius
758 987 898 1040 videbatur
908 1003 1004 1056 augere

99 1070 189 1122 tegna,
203 1070 282 1122 quarn
296 1054 391 1108 luiaeet
401 1071 533 1124 accipere.

135 1127 176 1175 ³1.
196 1122 329 1202 Septimus
339 1123 398 1176 dies
410 1134 473 1193 erat,
484 1141 518 1176 ex
526 1141 578 1194 quo
588 1141 682 1204 corpus
694 1125 764 1195 regia
774 1124 880 1195 jacebat
889 1125 919 1178 ln
931 1125 1003 1195 solio,

7 1181 11 1214 ³
99 1192 171 1246 curie
187 1208 306 1246 omnium
324 1193 357 1245 ad
375 1191 544 1247 formandum
569 1193 706 1262 publicum
730 1204 828 1248 statum
846 1211 863 1246 a
882 1203 936 1247 tarn
954 1195 1004 1248 sol·

7 1275 9 1280 ’
98 1259 181 1314 Ιιιιιιιιί
201 1279 310 1314 munere
327 1263 436 1317 aversis.
473 1263 507 1319 Et
518 1280 570 1318 oon
581 1263 640 1316 aliis
650 1280 731 1332 quam
743 1265 953 1343 Mesopotamiae
966 1281 1004 1318 re·

98 1330 176 1410 gione
185 1329 307 1384 fervidior
314 1339 405 1384 aestus
416 1331 523 1400 erristit,²
535 1331 603 1385 adeo
615 1341 643 1386 ut
655 1333 780 1404 pleraque
792 1334 926 1402 animalia,
934 1350 1004 1402 quae

8 1459 9 1464 η
99 1415 129 1452 ιιι
145 1399 215 1452 nudo
227 1399 281 1452 solo
293 1400 475 1469 deprehendit,
488 1402 639 1470 extinguam
658 1411 746 1456 tantus
757 1411 797 1457 ast
810 1419 890 1471 vapor
902 1403 965 1456 solis
977 1411 1004 1457 et

7 1480 11 1492 ·
99 1467 174 1537 coeli,
193 1485 245 1537 quo
263 1478 359 1522 cuncta
373 1470 447 1522 velut
465 1471 526 1538 igne
543 1479 680 1524 torrentur.
716 1472 813 1526 Fontes
830 1489 959 1540 aquarum
977 1480 1004 1524 et

8 1833 9 1838 ¹
100 1813 198 1892 spiritu,
218 1830 269 1893 non

42 1587 46 1594 .
99 1537 152 1591 rari
169 1547 237 1606 eunt,
256 1547 284 1591 et
304 1537 474 1592 incolentium
492 1538 586 1593 fraude
603 1541 737 1610 celantur,
758 1541 823 1609 ipsis
839 1557 904 1594 usus
921 1549 1003 1621 patet,

99 1605 205 1674 ignotus
223 1616 264 1660 est
283 1607 401 1662 advenis.
437 1608 473 1661 Ut
496 1608 603 1661 tandem
624 1626 716 1662 curare
736 1625 829 1678 corpus
851 1625 1005 1664 examinum

99 1676 194 1729 amicis
206 1677 318 1744 vacarit,
331 1677 403 1730 nulla
414 1677 484 1745 tabe,
498 1693 532 1728 ne
550 1678 659 1730 minimo
673 1678 783 1746 quidem
800 1677 882 1730 livore
901 1694 1004 1747 corrup·

100 1753 156 1798 turn
176 1744 265 1798 videre
304 1745 329 1798 ui
353 1746 521 1798 intraverant.
558 1746 637 1814 Vigor
654 1762 765 1815 quoqne,
784 1747 829 1815 qui
850 1754 951 1799 constat
971 1763 1005 1800 ex

285 1763 442 1866 destituerat
460 1814 572 1867 vultum.
608 1815 702 1895 Itaque
721 1815 847 1884 Aegyptii
865 1815 1004 1869 Chaldaei·

7 1879 9 1910 ⁵
99 1898 160 1950 que,
172 1898 237 1951 Jussr
255 1899 349 1952 corpus
366 1899 414 1936 suo
432 1899 504 1936 more
522 1901 621 1952 curare,
635 1901 720 1954 prrmo
737 1901 788 1937 non
806 1891 866 1936 eunt
884 1885 942 1937 ausi
958 1883 1004 1938 cd·

7 1945 9 1978 ³
100 1966 208 2002 movere
221 1951 292 2004 velut
313 1951 419 2020 spiranti
440 1969 551 2005 manus:
573 1953 670 2006 deinde
687 1953 795 2023 precati,
809 1961 837 2006 ut
855 1951 897 2022 jus
909 1953 1004 2024 sasque

100 2028 172 2072 esset
189 2019 344 2074 mortalibus
356 2029 496 2074 attrectare
508 2037 578 2090 eum,
592 2038 736 2090 purgavere
748 2038 848 2100 corpus,
863 2022 1004 2142 repletum·

100 2104 153 2157 que
172 2097 212 2141 est
231 2089 355 2143 odoribus
371 2105 481 2144 aureum
499 2089 601 2157 solium,
614 2100 642 2143 et
659 2091 739 2160 capiti
758 2089 864 2144 edecta
894 2101 1004 2144 ortonae

100 2157 159 2211 e’us
181 2158 312 2226 insignia?
347 2158 456 2212 Veneno
479 2167 604 2212 necatum
628 2175 688 2212 esse
709 2108 844 2212 credidere
868 2159 1004 2229 plerique,

100 2175 184 2280 fliium
203 2227 334 2297 Antipatri
344 2228 421 2280 ‚inter
432 2229 572 2296 ministros,
585 2228 681 2281 Jollam
699 2229 813 2297 nomine,
832 2229 913 2298 patris
928 2229 1004 2299 jussu

99 2294 214 2348 dedisse.
251 2296 334 2366 Saepe
347 2305 419 2350 certe
437 2298 527 2350 audita
542 2305 598 2349 erat
609 2314 660 2351 vox
671 2297 823 2365 Alexandri,
838 2298 1003 2368 Antipatrum

99 2365 200 2432 regium
213 2365 339 2418 affectare
349 2365 491 2434 fastigium,
501 2366 682 2436 majoremque
691 2384 750 2420 esse
763 2367 889 2437 praelecti
901 2369 1002 2439 opibus,

99 2449 132 2486 ac
151 2433 225 2488 titulo
244 2434 386 2503 Spartanae
399 2437 524 2488 victoriae
542 2437 669 2505 inflatum,
682 2438 772 2490 omnia
784 2455 800 2489 a
812 2454 841 2514 ae
853 2437 915 2490 data
930 2454 1004 2492 asse·

100 2511 202 2556 rentem
228 2503 299 2556 sibi.⁴
340 2503 489 2557 Credebant
518 2505 609 2573 etiarn,
633 2506 771 2559 Craterum
799 2523 859 2559 curn
884 2516 1003 2560 veterum

99 2571 214 2626 militum
226 2579 307 2625 manu
324 2573 358 2625 ad
377 2573 590 2626 interficiendum
603 2589 666 2626 eum
679 2575 799 2628 missum.
835 2575 895 2628 Vim
913 2585 1003 2630 autem

100 2641 204 2710 veneni,
217 2641 286 2710 quod
305 2643 332 2694 in
351 2641 512 2694 Macedonia
528 2643 651 2711 gignitur,
671 2642 751 2696 talem
769 2659 828 2696 esse
847 2652 956 2713 constat,
975 2653 1004 2698 ut

104 2739 133 2746 -υ-

101 2838 106 2847 ,
129 2784 136 2809 ¹
147 2779 228 2838 Every
237 2793 281 2827 oue
293 2793 347 2826 now
357 2778 502 2827 maintained
512 2779 550 2827 his
560 2793 615 2827 own
626 2795 721 2860 ppwerr
735 2782 794 2850 they
802 2782 847 2831 hed
857 2783 1003 2834 established

100 2846 118 2884 ιι
128 2837 198 2886 throu
217 2837 232 2885 h
243 2837 398 2906 themselves,
409 2847 450 2906 not
462 2839 494 2896 by
503 2838 642 2907 Alexander
652 2855 665 2887 a
674 2839 732 2896 will,
745 2841 766 2888 ri
772 2857 828 2889 ever
838 2840 906 2891 there
916 2842 1004 2912 should

100 2895 187 2977 l’⁰,fl¹0
215 2896 299 2966 alrmrr
311 2906 403 2957 against
415 2896 570 2944 immoderate
580 2896 678 2966 desires,
704 2899 773 2950 ‘The
799 2900 1004 2970 hadeatablrshed

100 2963 133 3060 li?
156 2955 765 3076 littatltttlldlttt‘i‘thll,itti
775 2959 1001 3065 ⁶.¹¹⁸v⁰⁰⁰¹¹⁸¹¹¹¹¹⁰‘¹'

128 3085 220 3136 '‘The
239 3088 295 3136 heat
311 3089 369 3138 does
385 3097 426 3136 not
442 3089 541 3136 become
558 3105 623 3137 more
640 3091 743 3152 bnrning
758 3091 782 3139 in
797 3092 867 3142 other
881 3093 1003 3144 countriea

101 3143 157 3194 than
172 3147 196 3193 in
213 3145 389 3215 Mesopotamia
397 3149 414 3204 ς’
426 3147 477 3215 that
489 3147 518 3202 is,
532 3146 573 3194 the
589 3147 644 3196 hest
661 3149 681 3197 is
697 3150 849 3218 particularly
860 3153 963 3214 bumiug
978 3153 1003 3202 in

100 3204 283 3264 Mesopotamia,
294 3221 320 3253 cr
330 3221 390 3254 noes
398 3215 424 3254 to
434 3215 500 3265 qutte
511 3221 541 3254 an
551 3207 653 3256 unusual
664 3207 755 3268 height.

128 3249 1014 3346 '‘Placedonhisheadastheligaosnisrankrtharoyaldignityns

100 3337 205 3398 namely,
218 3337 330 3398 agolden
340 3337 442 3386 diadem.

128 3409 196 3460 ‘Salii
205 3427 317 3468 maerere,
331 3415 372 3460 ‘to
381 3409 529 3470 appropriate
540 3419 566 3458 ιο
576 3411 644 3460 one’a
654 3410 716 3461 sell’
