<?xml version="1.0" encoding="UTF-8"?>
<!DOCTYPE html PUBLIC "-//W3C//DTD XHTML 1.0 Transitional//EN"
    "http://www.w3.org/TR/xhtml1/DTD/xhtml1-transitional.dtd">
<html xmlns="http://www.w3.org/1999/xhtml" xml:lang="en" lang="en">
 <head>
  <title>
</title>
<meta http-equiv="Content-Type" content="text/html;charset=utf-8" />
  <meta name='ocr-system' content='tesseract 3.04.00' />
  <meta name='ocr-capabilities' content='ocr_page ocr_carea ocr_par ocr_line ocrx_word'/>
</head>
<body>
  <div class='ocr_page' id='page_1' title='image "./qcurtiirufidege01zumpgoog_0193.png"; bbox 0 0 2314 3886; ppageno 0'>
   <div class='ocr_carea' id='block_1_1' title="bbox 482 237 1017 291">
    <p class='ocr_par' dir='ltr' id='par_1_1' title="bbox 482 237 1017 291">
     <span class='ocr_line' id='line_1_1' title="bbox 482 237 1017 291; baseline 0.006 -3"><span class='ocrx_word' id='word_1_1' title='bbox 482 250 573 290; x_wconf 74' lang='lat' dir='ltr'>traua</span> <span class='ocrx_word' id='word_1_2' title='bbox 593 251 644 291; x_wconf 80' lang='lat' dir='ltr'>vn.</span> <span class='ocrx_word' id='word_1_3' title='bbox 961 237 1017 291; x_wconf 78' lang='lat' dir='ltr'>tes</span> 
     </span>
    </p>
   </div>
   <div class='ocr_carea' id='block_1_2' title="bbox 69 356 1020 2892">
    <p class='ocr_par' dir='ltr' id='par_1_2' title="bbox 69 356 1018 1053">
     <span class='ocr_line' id='line_1_2' title="bbox 107 356 1017 430; baseline 0.002 -18"><span class='ocrx_word' id='word_1_4' title='bbox 107 357 171 412; x_wconf 81' lang='lat' dir='ltr'>olari</span> <span class='ocrx_word' id='word_1_5' title='bbox 181 357 239 412; x_wconf 80' lang='lat' dir='ltr'>viri.</span> <span class='ocrx_word' id='word_1_6' title='bbox 276 356 364 411; x_wconf 85' lang='lat' dir='ltr'>Multa</span> <span class='ocrx_word' id='word_1_7' title='bbox 382 357 440 410; x_wconf 88' lang='lat' dir='ltr'>siue</span> <span class='ocrx_word' id='word_1_8' title='bbox 459 375 521 427; x_wconf 84' lang='lat' dir='ltr'>rege</span> <span class='ocrx_word' id='word_1_9' title='bbox 539 376 669 430; x_wconf 79' lang='lat' dir='ltr'>prospere,</span> <span class='ocrx_word' id='word_1_10' title='bbox 684 377 730 413; x_wconf 85' lang='lat' dir='ltr'>rex</span> <span class='ocrx_word' id='word_1_11' title='bbox 740 377 799 414; x_wconf 85' lang='lat' dir='ltr'>stne</span> <span class='ocrx_word' id='word_1_12' title='bbox 811 360 855 413; x_wconf 94' lang='lat' dir='ltr'>illo</span> <span class='ocrx_word' id='word_1_13' title='bbox 867 360 931 414; x_wconf 87' lang='lat' dir='ltr'>nihil</span> <span class='ocrx_word' id='word_1_14' title='bbox 944 379 1017 430; x_wconf 88' lang='lat' dir='ltr'>mag-</span> 
     </span>
     <span class='ocr_line' id='line_1_3' title="bbox 108 425 1017 496; baseline 0.002 -14"><span class='ocrx_word' id='word_1_15' title='bbox 108 445 157 482; x_wconf 84' lang='lat' dir='ltr'>nas</span> <span class='ocrx_word' id='word_1_16' title='bbox 171 429 207 481; x_wconf 85' lang='lat' dir='ltr'>rei</span> <span class='ocrx_word' id='word_1_17' title='bbox 219 436 346 496; x_wconf 80' lang='lat' dir='ltr'><strong>gesserat.</strong></span> <span class='ocrx_word' id='word_1_18' title='bbox 383 425 547 480; x_wconf 79' lang='lat' dir='ltr'><strong>Felicissimo</strong></span> <span class='ocrx_word' id='word_1_19' title='bbox 560 430 622 496; x_wconf 86' lang='lat' dir='ltr'>regi,</span> <span class='ocrx_word' id='word_1_20' title='bbox 636 437 663 480; x_wconf 91' lang='lat' dir='ltr'>et</span> <span class='ocrx_word' id='word_1_21' title='bbox 675 431 763 482; x_wconf 89' lang='lat' dir='ltr'>omnia</span> <span class='ocrx_word' id='word_1_22' title='bbox 775 431 807 481; x_wconf 87' lang='lat' dir='ltr'>ed</span> <span class='ocrx_word' id='word_1_23' title='bbox 822 430 940 483; x_wconf 76' lang='lat' dir='ltr'>fortunae</span> <span class='ocrx_word' id='word_1_24' title='bbox 953 447 1017 484; x_wconf 89' lang='lat' dir='ltr'>suae</span> 
     </span>
     <span class='ocr_line' id='line_1_4' title="bbox 108 496 1018 568; baseline 0.003 -18"><span class='ocrx_word' id='word_1_25' title='bbox 108 500 223 566; x_wconf 80' lang='lat' dir='ltr'>exigenti</span> <span class='ocrx_word' id='word_1_26' title='bbox 236 498 364 566; x_wconf 80' lang='lat' dir='ltr'>modum,¹</span> <span class='ocrx_word' id='word_1_27' title='bbox 377 496 513 549; x_wconf 89' lang='lat' dir='ltr'>satisfecit.</span> <span class='ocrx_word' id='word_1_28' title='bbox 551 497 619 549; x_wconf 90' lang='lat' dir='ltr'>LXX</span> <span class='ocrx_word' id='word_1_29' title='bbox 630 506 709 550; x_wconf 88' lang='lat' dir='ltr'>natus</span> <span class='ocrx_word' id='word_1_30' title='bbox 721 516 811 568; x_wconf 90' lang='lat' dir='ltr'>annos,</span> <span class='ocrx_word' id='word_1_31' title='bbox 824 499 929 568; x_wconf 87' lang='lat' dir='ltr'>juvenis</span> <span class='ocrx_word' id='word_1_32' title='bbox 941 501 1018 554; x_wconf 85' lang='lat' dir='ltr'>ducis</span> 
     </span>
     <span class='ocr_line' id='line_1_5' title="bbox 108 565 1016 641; baseline 0.001 -20"><span class='ocrx_word' id='word_1_33' title='bbox 108 577 134 621; x_wconf 90' lang='lat' dir='ltr'>et</span> <span class='ocrx_word' id='word_1_34' title='bbox 146 584 227 636; x_wconf 80' lang='lat' dir='ltr'>saepe</span> <span class='ocrx_word' id='word_1_35' title='bbox 239 569 322 619; x_wconf 90' lang='lat' dir='ltr'>etiam</span> <span class='ocrx_word' id='word_1_36' title='bbox 339 567 451 636; x_wconf 85' lang='lat' dir='ltr'>gregarii</span> <span class='ocrx_word' id='word_1_37' title='bbox 469 565 560 618; x_wconf 91' lang='lat' dir='ltr'>militis</span> <span class='ocrx_word' id='word_1_38' title='bbox 573 565 664 618; x_wconf 91' lang='lat' dir='ltr'>munia</span> <span class='ocrx_word' id='word_1_39' title='bbox 676 567 807 636; x_wconf 84' lang='lat' dir='ltr'>explevit:</span> <span class='ocrx_word' id='word_1_40' title='bbox 826 586 888 620; x_wconf 88' lang='lat' dir='ltr'>acer</span> <span class='ocrx_word' id='word_1_41' title='bbox 900 569 1016 641; x_wconf 88' lang='lat' dir='ltr'>consilio,</span> 
     </span>
     <span class='ocr_line' id='line_1_6' title="bbox 69 635 1016 708; baseline 0 -17"><span class='ocrx_word' id='word_1_42' title='bbox 69 643 71 648; x_wconf 84' lang='grc'><strong>’</strong></span> <span class='ocrx_word' id='word_1_43' title='bbox 108 655 188 691; x_wconf 88' lang='lat' dir='ltr'>manu</span> <span class='ocrx_word' id='word_1_44' title='bbox 208 647 339 704; x_wconf 88' lang='lat' dir='ltr'>strenuus,</span> <span class='ocrx_word' id='word_1_45' title='bbox 358 654 435 688; x_wconf 90' lang='lat' dir='ltr'>carus</span> <span class='ocrx_word' id='word_1_46' title='bbox 454 635 625 705; x_wconf 87' lang='lat' dir='ltr'>principibus,</span> <span class='ocrx_word' id='word_1_47' title='bbox 645 636 723 703; x_wconf 84' lang='lat' dir='ltr'>vulgo</span> <span class='ocrx_word' id='word_1_48' title='bbox 744 637 857 690; x_wconf 92' lang='lat' dir='ltr'>militum</span> <span class='ocrx_word' id='word_1_49' title='bbox 878 641 1016 708; x_wconf 78' lang='lat' dir='ltr'>acceptior.</span> 
     </span>
     <span class='ocr_line' id='line_1_7' title="bbox 108 703 1018 776; baseline 0 -15"><span class='ocrx_word' id='word_1_50' title='bbox 108 707 180 761; x_wconf 88' lang='lat' dir='ltr'>Haec</span> <span class='ocrx_word' id='word_1_51' title='bbox 201 706 352 776; x_wconf 82' lang='lat' dir='ltr'>impulerint</span> <span class='ocrx_word' id='word_1_52' title='bbox 372 705 438 758; x_wconf 91' lang='lat' dir='ltr'>ilum</span> <span class='ocrx_word' id='word_1_53' title='bbox 457 703 490 756; x_wconf 86' lang='lat' dir='ltr'>ad</span> <span class='ocrx_word' id='word_1_54' title='bbox 511 706 582 772; x_wconf 85' lang='lat' dir='ltr'>regni</span> <span class='ocrx_word' id='word_1_55' title='bbox 603 706 783 774; x_wconf 83' lang='lat' dir='ltr'>cupiditatem,</span> <span class='ocrx_word' id='word_1_56' title='bbox 802 725 834 758; x_wconf 91' lang='lat' dir='ltr'>an</span> <span class='ocrx_word' id='word_1_57' title='bbox 855 715 957 760; x_wconf 87' lang='lat' dir='ltr'>tantum</span> <span class='ocrx_word' id='word_1_58' title='bbox 976 727 1018 760; x_wconf 88' lang='lat' dir='ltr'>su·</span> 
     </span>
     <span class='ocr_line' id='line_1_8' title="bbox 108 774 1018 846; baseline 0 -17"><span class='ocrx_word' id='word_1_59' title='bbox 108 788 228 846; x_wconf 81' lang='lat' dir='ltr'>spectum</span> <span class='ocrx_word' id='word_1_60' title='bbox 241 775 359 843; x_wconf 84' lang='lat' dir='ltr'>fecerint,</span> <span class='ocrx_word' id='word_1_61' title='bbox 373 774 472 842; x_wconf 85' lang='lat' dir='ltr'>ambigi</span> <span class='ocrx_word' id='word_1_62' title='bbox 485 783 577 842; x_wconf 90' lang='lat' dir='ltr'>potest,</span> <span class='ocrx_word' id='word_1_63' title='bbox 591 775 653 843; x_wconf 88' lang='lat' dir='ltr'>quia</span> <span class='ocrx_word' id='word_1_64' title='bbox 671 775 787 828; x_wconf 88' lang='lat' dir='ltr'>Philotas</span> <span class='ocrx_word' id='word_1_65' title='bbox 806 775 907 828; x_wconf 88' lang='lat' dir='ltr'>ultimis</span> <span class='ocrx_word' id='word_1_66' title='bbox 919 779 1018 830; x_wconf 88' lang='lat' dir='ltr'>crucia·</span> 
     </span>
     <span class='ocr_line' id='line_1_9' title="bbox 108 842 1017 916; baseline -0.002 -16"><span class='ocrx_word' id='word_1_67' title='bbox 108 847 178 899; x_wconf 88' lang='lat' dir='ltr'>tibus</span> <span class='ocrx_word' id='word_1_68' title='bbox 191 846 277 898; x_wconf 88' lang='lat' dir='ltr'>vietus</span> <span class='ocrx_word' id='word_1_69' title='bbox 290 861 385 896; x_wconf 88' lang='lat' dir='ltr'>verane</span> <span class='ocrx_word' id='word_1_70' title='bbox 405 842 506 912; x_wconf 78' lang='lat' dir='ltr'>dixerit,</span> <span class='ocrx_word' id='word_1_71' title='bbox 523 861 591 914; x_wconf 88' lang='lat' dir='ltr'>quae</span> <span class='ocrx_word' id='word_1_72' title='bbox 611 844 680 896; x_wconf 86' lang='lat' dir='ltr'>faeta</span> <span class='ocrx_word' id='word_1_73' title='bbox 699 845 800 914; x_wconf 91' lang='lat' dir='ltr'>probari</span> <span class='ocrx_word' id='word_1_74' title='bbox 821 863 871 897; x_wconf 94' lang='lat' dir='ltr'>non</span> <span class='ocrx_word' id='word_1_75' title='bbox 891 857 1017 916; x_wconf 84' lang='lat' dir='ltr'>poterant,</span> 
     </span>
     <span class='ocr_line' id='line_1_10' title="bbox 107 913 1017 985; baseline 0.001 -16"><span class='ocrx_word' id='word_1_76' title='bbox 107 934 140 970; x_wconf 92' lang='lat' dir='ltr'>an</span> <span class='ocrx_word' id='word_1_77' title='bbox 153 916 238 968; x_wconf 75' lang='lat' dir='ltr'>falsis²</span> <span class='ocrx_word' id='word_1_78' title='bbox 250 923 437 966; x_wconf 88' lang='lat' dir='ltr'>tormentorum</span> <span class='ocrx_word' id='word_1_79' title='bbox 456 914 562 981; x_wconf 90' lang='lat' dir='ltr'>petierit</span> <span class='ocrx_word' id='word_1_80' title='bbox 574 913 664 982; x_wconf 90' lang='lat' dir='ltr'>finem,</span> <span class='ocrx_word' id='word_1_81' title='bbox 679 931 705 965; x_wconf 92' lang='lat' dir='ltr'>re</span> <span class='ocrx_word' id='word_1_82' title='bbox 718 930 822 984; x_wconf 89' lang='lat' dir='ltr'>quoque</span> <span class='ocrx_word' id='word_1_83' title='bbox 836 916 942 985; x_wconf 84' lang='lat' dir='ltr'>recenti,</span> <span class='ocrx_word' id='word_1_84' title='bbox 957 933 1017 970; x_wconf 89' lang='lat' dir='ltr'>oum</span> 
     </span>
     <span class='ocr_line' id='line_1_11' title="bbox 107 981 638 1053; baseline -0.008 -15"><span class='ocrx_word' id='word_1_85' title='bbox 107 986 193 1053; x_wconf 87' lang='lat' dir='ltr'>magis</span> <span class='ocrx_word' id='word_1_86' title='bbox 205 993 293 1053; x_wconf 87' lang='lat' dir='ltr'>posset</span> <span class='ocrx_word' id='word_1_87' title='bbox 305 982 414 1052; x_wconf 80' lang='lat' dir='ltr'>liquere,</span> <span class='ocrx_word' id='word_1_88' title='bbox 427 981 577 1034; x_wconf 85' lang='lat' dir='ltr'>dubitatum</span> <span class='ocrx_word' id='word_1_89' title='bbox 590 990 638 1034; x_wconf 86' lang='lat' dir='ltr'>est.</span> 
     </span>
    </p>

    <p class='ocr_par' dir='ltr' id='par_1_3' title="bbox 104 1051 1020 2372">
     <span class='ocr_line' id='line_1_12' title="bbox 145 1051 1017 1122; baseline -0.001 -15"><span class='ocrx_word' id='word_1_90' title='bbox 145 1060 183 1108; x_wconf 89' lang='grc'>10.</span> <span class='ocrx_word' id='word_1_91' title='bbox 203 1052 363 1122; x_wconf 82' lang='lat' dir='ltr'>Alexander,</span> <span class='ocrx_word' id='word_1_92' title='bbox 376 1069 442 1121; x_wconf 89' lang='lat' dir='ltr'>quos</span> <span class='ocrx_word' id='word_1_93' title='bbox 460 1051 542 1103; x_wconf 90' lang='lat' dir='ltr'>libere</span> <span class='ocrx_word' id='word_1_94' title='bbox 562 1061 672 1104; x_wconf 89' lang='lat' dir='ltr'>mortem</span> <span class='ocrx_word' id='word_1_95' title='bbox 691 1052 873 1106; x_wconf 84' lang='lat' dir='ltr'>Parmenionis</span> <span class='ocrx_word' id='word_1_96' title='bbox 891 1071 1017 1122; x_wconf 87' lang='lat' dir='ltr'>conques-</span> 
     </span>
     <span class='ocr_line' id='line_1_13' title="bbox 108 1121 1018 1192; baseline 0.001 -16"><span class='ocrx_word' id='word_1_97' title='bbox 108 1133 147 1176; x_wconf 87' lang='lat' dir='ltr'>tos</span> <span class='ocrx_word' id='word_1_98' title='bbox 165 1141 225 1176; x_wconf 87' lang='lat' dir='ltr'>esse</span> <span class='ocrx_word' id='word_1_99' title='bbox 245 1130 417 1192; x_wconf 85' lang='lat' dir='ltr'>compererat,</span> <span class='ocrx_word' id='word_1_100' title='bbox 437 1121 597 1190; x_wconf 88' lang='lat' dir='ltr'>separandos</span> <span class='ocrx_word' id='word_1_101' title='bbox 615 1139 630 1173; x_wconf 90' lang='lat' dir='ltr'>a</span> <span class='ocrx_word' id='word_1_102' title='bbox 649 1130 736 1174; x_wconf 83' lang='lat' dir='ltr'>cetero</span> <span class='ocrx_word' id='word_1_103' title='bbox 756 1123 873 1176; x_wconf 79' lang='lat' dir='ltr'>exercitu</span> <span class='ocrx_word' id='word_1_104' title='bbox 893 1133 972 1190; x_wconf 89' lang='lat' dir='ltr'>ratus,</span> <span class='ocrx_word' id='word_1_105' title='bbox 992 1124 1018 1177; x_wconf 88' lang='lat' dir='ltr'>in</span> 
     </span>
     <span class='ocr_line' id='line_1_14' title="bbox 107 1189 1018 1262; baseline 0.002 -17"><span class='ocrx_word' id='word_1_106' title='bbox 107 1210 188 1246; x_wconf 90' lang='lat' dir='ltr'>unam</span> <span class='ocrx_word' id='word_1_107' title='bbox 206 1191 340 1244; x_wconf 86' lang='lat' dir='ltr'>eohortem</span> <span class='ocrx_word' id='word_1_108' title='bbox 360 1193 480 1260; x_wconf 90' lang='lat' dir='ltr'>secrevit,</span> <span class='ocrx_word' id='word_1_109' title='bbox 494 1191 644 1261; x_wconf 91' lang='lat' dir='ltr'>ducemque</span> <span class='ocrx_word' id='word_1_110' title='bbox 664 1189 707 1245; x_wconf 90' lang='lat' dir='ltr'>his</span> <span class='ocrx_word' id='word_1_111' title='bbox 727 1191 872 1246; x_wconf 88' lang='lat' dir='ltr'>Leonidam</span> <span class='ocrx_word' id='word_1_112' title='bbox 891 1191 972 1262; x_wconf 86' lang='lat' dir='ltr'>dedit,</span> <span class='ocrx_word' id='word_1_113' title='bbox 992 1203 1018 1247; x_wconf 89' lang='lat' dir='ltr'>et</span> 
     </span>
     <span class='ocr_line' id='line_1_15' title="bbox 107 1261 1018 1332; baseline 0.001 -17"><span class='ocrx_word' id='word_1_114' title='bbox 107 1264 195 1332; x_wconf 90' lang='lat' dir='ltr'>ipsum</span> <span class='ocrx_word' id='word_1_115' title='bbox 220 1261 387 1314; x_wconf 83' lang='lat' dir='ltr'>Parmenioni</span> <span class='ocrx_word' id='word_1_116' title='bbox 412 1261 556 1330; x_wconf 83' lang='lat' dir='ltr'>quondam&#39;</span> <span class='ocrx_word' id='word_1_117' title='bbox 574 1261 666 1315; x_wconf 89' lang='lat' dir='ltr'>intima</span> <span class='ocrx_word' id='word_1_118' title='bbox 690 1262 869 1316; x_wconf 87' lang='lat' dir='ltr'>familiaritate</span> <span class='ocrx_word' id='word_1_119' title='bbox 894 1263 1018 1332; x_wconf 87' lang='lat' dir='ltr'>conjunc·</span> 
     </span>
     <span class='ocr_line' id='line_1_16' title="bbox 108 1329 1020 1400; baseline -0.002 -14"><span class='ocrx_word' id='word_1_120' title='bbox 108 1341 172 1386; x_wconf 90' lang='lat' dir='ltr'>tum.</span> <span class='ocrx_word' id='word_1_121' title='bbox 209 1329 276 1385; x_wconf 86' lang='lat' dir='ltr'>Fere</span> <span class='ocrx_word' id='word_1_122' title='bbox 290 1331 373 1384; x_wconf 89' lang='lat' dir='ltr'>iidem</span> <span class='ocrx_word' id='word_1_123' title='bbox 385 1339 467 1398; x_wconf 89' lang='lat' dir='ltr'>erant,</span> <span class='ocrx_word' id='word_1_124' title='bbox 480 1347 546 1400; x_wconf 88' lang='lat' dir='ltr'>quos</span> <span class='ocrx_word' id='word_1_125' title='bbox 558 1331 675 1400; x_wconf 93' lang='lat' dir='ltr'>alioquin</span> <span class='ocrx_word' id='word_1_126' title='bbox 689 1349 734 1385; x_wconf 83' lang='lat' dir='ltr'>rex</span> <span class='ocrx_word' id='word_1_127' title='bbox 752 1333 881 1386; x_wconf 87' lang='lat' dir='ltr'>habuerat</span> <span class='ocrx_word' id='word_1_128' title='bbox 901 1334 1020 1385; x_wconf 76' lang='lat' dir='ltr'>invisos.³</span> 
     </span>
     <span class='ocr_line' id='line_1_17' title="bbox 106 1399 1016 1472; baseline -0.001 -15"><span class='ocrx_word' id='word_1_129' title='bbox 106 1404 176 1457; x_wconf 91' lang='lat' dir='ltr'>Nam</span> <span class='ocrx_word' id='word_1_130' title='bbox 201 1419 263 1456; x_wconf 86' lang='lat' dir='ltr'>eum</span> <span class='ocrx_word' id='word_1_131' title='bbox 288 1400 400 1470; x_wconf 86' lang='lat' dir='ltr'>experiri</span> <span class='ocrx_word' id='word_1_132' title='bbox 422 1399 508 1453; x_wconf 88' lang='lat' dir='ltr'>Vellet</span> <span class='ocrx_word' id='word_1_133' title='bbox 533 1401 646 1457; x_wconf 90' lang='lat' dir='ltr'>militum</span> <span class='ocrx_word' id='word_1_134' title='bbox 670 1401 781 1472; x_wconf 89' lang='lat' dir='ltr'>animos,</span> <span class='ocrx_word' id='word_1_135' title='bbox 802 1403 948 1472; x_wconf 87' lang='lat' dir='ltr'>admonuit,</span> <span class='ocrx_word' id='word_1_136' title='bbox 971 1403 1016 1472; x_wconf 91' lang='lat' dir='ltr'>qui</span> 
     </span>
     <span class='ocr_line' id='line_1_18' title="bbox 106 1469 1017 1543; baseline 0 -19"><span class='ocrx_word' id='word_1_137' title='bbox 106 1472 206 1525; x_wconf 85' lang='lat' dir='ltr'>litteras</span> <span class='ocrx_word' id='word_1_138' title='bbox 218 1472 243 1524; x_wconf 95' lang='lat' dir='ltr'>in</span> <span class='ocrx_word' id='word_1_139' title='bbox 257 1469 446 1524; x_wconf 89' lang='lat' dir='ltr'>Macedoniam</span> <span class='ocrx_word' id='word_1_140' title='bbox 458 1469 492 1522; x_wconf 90' lang='lat' dir='ltr'>ad</span> <span class='ocrx_word' id='word_1_141' title='bbox 505 1487 566 1523; x_wconf 90' lang='lat' dir='ltr'>suos</span> <span class='ocrx_word' id='word_1_142' title='bbox 579 1471 734 1540; x_wconf 85' lang='lat' dir='ltr'>scripsisset,</span> <span class='ocrx_word' id='word_1_143' title='bbox 748 1470 797 1540; x_wconf 90' lang='lat' dir='ltr'>his,</span> <span class='ocrx_word' id='word_1_144' title='bbox 811 1488 876 1543; x_wconf 91' lang='lat' dir='ltr'>quos</span> <span class='ocrx_word' id='word_1_145' title='bbox 889 1473 944 1542; x_wconf 89' lang='lat' dir='ltr'>ipse</span> <span class='ocrx_word' id='word_1_146' title='bbox 957 1473 1017 1525; x_wconf 93' lang='lat' dir='ltr'>mit-</span> 
     </span>
     <span class='ocr_line' id='line_1_19' title="bbox 106 1539 1016 1612; baseline 0.001 -18"><span class='ocrx_word' id='word_1_147' title='bbox 106 1542 186 1610; x_wconf 87' lang='lat' dir='ltr'>tebat,</span> <span class='ocrx_word' id='word_1_148' title='bbox 209 1541 349 1612; x_wconf 88' lang='lat' dir='ltr'>perlaturis</span> <span class='ocrx_word' id='word_1_149' title='bbox 370 1557 431 1592; x_wconf 91' lang='lat' dir='ltr'>cum</span> <span class='ocrx_word' id='word_1_150' title='bbox 451 1539 513 1610; x_wconf 88' lang='lat' dir='ltr'>fide,</span> <span class='ocrx_word' id='word_1_151' title='bbox 535 1541 657 1593; x_wconf 89' lang='lat' dir='ltr'>traderet.</span> <span class='ocrx_word' id='word_1_152' title='bbox 693 1540 852 1611; x_wconf 85' lang='lat' dir='ltr'>Simpliciter</span> <span class='ocrx_word' id='word_1_153' title='bbox 870 1543 903 1594; x_wconf 89' lang='lat' dir='ltr'>ad</span> <span class='ocrx_word' id='word_1_154' title='bbox 926 1559 1016 1595; x_wconf 84' lang='lat' dir='ltr'>neees-</span> 
     </span>
     <span class='ocr_line' id='line_1_20' title="bbox 105 1610 1017 1681; baseline 0 -17"><span class='ocrx_word' id='word_1_155' title='bbox 105 1614 187 1664; x_wconf 90' lang='lat' dir='ltr'>sarios</span> <span class='ocrx_word' id='word_1_156' title='bbox 207 1613 278 1664; x_wconf 81' lang='lat' dir='ltr'>suos⁴</span> <span class='ocrx_word' id='word_1_157' title='bbox 296 1611 409 1679; x_wconf 88' lang='lat' dir='ltr'>quisque</span> <span class='ocrx_word' id='word_1_158' title='bbox 427 1611 574 1678; x_wconf 88' lang='lat' dir='ltr'>scripserat,</span> <span class='ocrx_word' id='word_1_159' title='bbox 595 1627 663 1678; x_wconf 89' lang='lat' dir='ltr'>quae</span> <span class='ocrx_word' id='word_1_160' title='bbox 682 1610 828 1662; x_wconf 86' lang='lat' dir='ltr'>sentiebat:</span> <span class='ocrx_word' id='word_1_161' title='bbox 848 1612 911 1676; x_wconf 85' lang='lat' dir='ltr'>aliis</span> <span class='ocrx_word' id='word_1_162' title='bbox 927 1613 1017 1681; x_wconf 85' lang='lat' dir='ltr'>gravis</span> 
     </span>
     <span class='ocr_line' id='line_1_21' title="bbox 105 1679 1016 1751; baseline -0.001 -16"><span class='ocrx_word' id='word_1_163' title='bbox 105 1692 168 1750; x_wconf 90' lang='lat' dir='ltr'>erat,</span> <span class='ocrx_word' id='word_1_164' title='bbox 183 1681 314 1751; x_wconf 91' lang='lat' dir='ltr'>plerisque</span> <span class='ocrx_word' id='word_1_165' title='bbox 327 1696 377 1731; x_wconf 92' lang='lat' dir='ltr'>non</span> <span class='ocrx_word' id='word_1_166' title='bbox 397 1679 498 1746; x_wconf 87' lang='lat' dir='ltr'>ingrata</span> <span class='ocrx_word' id='word_1_167' title='bbox 516 1679 620 1731; x_wconf 90' lang='lat' dir='ltr'>militia.</span> <span class='ocrx_word' id='word_1_168' title='bbox 657 1679 697 1732; x_wconf 86' lang='lat' dir='ltr'>lta</span> <span class='ocrx_word' id='word_1_169' title='bbox 717 1688 743 1732; x_wconf 91' lang='lat' dir='ltr'>et</span> <span class='ocrx_word' id='word_1_170' title='bbox 762 1680 898 1748; x_wconf 83' lang='lat' dir='ltr'>agentium</span> <span class='ocrx_word' id='word_1_171' title='bbox 918 1683 1016 1750; x_wconf 85' lang='lat' dir='ltr'>gratias</span> 
     </span>
     <span class='ocr_line' id='line_1_22' title="bbox 104 1748 1014 1821; baseline 0.001 -18"><span class='ocrx_word' id='word_1_172' title='bbox 104 1761 131 1803; x_wconf 91' lang='lat' dir='ltr'>et</span> <span class='ocrx_word' id='word_1_173' title='bbox 149 1751 316 1820; x_wconf 88' lang='lat' dir='ltr'>querentium</span> <span class='ocrx_word' id='word_1_174' title='bbox 336 1749 440 1800; x_wconf 88' lang='lat' dir='ltr'>litterae</span> <span class='ocrx_word' id='word_1_175' title='bbox 460 1759 588 1821; x_wconf 81' lang='lat' dir='ltr'>exceptae</span> <span class='ocrx_word' id='word_1_176' title='bbox 608 1757 677 1800; x_wconf 89' lang='lat' dir='ltr'>sunt.</span> <span class='ocrx_word' id='word_1_177' title='bbox 715 1749 747 1802; x_wconf 88' lang='lat' dir='ltr'>Et</span> <span class='ocrx_word' id='word_1_178' title='bbox 759 1749 805 1817; x_wconf 92' lang='lat' dir='ltr'>qui</span> <span class='ocrx_word' id='word_1_179' title='bbox 819 1748 885 1801; x_wconf 87' lang='lat' dir='ltr'>forte</span> <span class='ocrx_word' id='word_1_180' title='bbox 897 1753 1014 1804; x_wconf 88' lang='lat' dir='ltr'>taedium</span> 
     </span>
     <span class='ocr_line' id='line_1_23' title="bbox 104 1817 1016 1890; baseline 0 -18"><span class='ocrx_word' id='word_1_181' title='bbox 104 1821 202 1874; x_wconf 87' lang='lat' dir='ltr'>laboris</span> <span class='ocrx_word' id='word_1_182' title='bbox 223 1837 269 1890; x_wconf 91' lang='lat' dir='ltr'>per</span> <span class='ocrx_word' id='word_1_183' title='bbox 287 1818 390 1871; x_wconf 88' lang='lat' dir='ltr'>litteras</span> <span class='ocrx_word' id='word_1_184' title='bbox 411 1825 484 1868; x_wconf 86' lang='lat' dir='ltr'>erant</span> <span class='ocrx_word' id='word_1_185' title='bbox 505 1817 599 1886; x_wconf 89' lang='lat' dir='ltr'>questi,</span> <span class='ocrx_word' id='word_1_186' title='bbox 622 1817 691 1869; x_wconf 87' lang='lat' dir='ltr'>hane</span> <span class='ocrx_word' id='word_1_187' title='bbox 712 1820 826 1870; x_wconf 82' lang='lat' dir='ltr'>seorsus⁶</span> <span class='ocrx_word' id='word_1_188' title='bbox 844 1818 1016 1872; x_wconf 88' lang='lat' dir='ltr'>eohortema</span> 
     </span>
     <span class='ocr_line' id='line_1_24' title="bbox 104 1884 1014 1954; baseline -0.002 -12"><span class='ocrx_word' id='word_1_189' title='bbox 104 1891 201 1942; x_wconf 90' lang='lat' dir='ltr'>ceteris</span> <span class='ocrx_word' id='word_1_190' title='bbox 219 1884 328 1940; x_wconf 90' lang='lat' dir='ltr'>tendere</span> <span class='ocrx_word' id='word_1_191' title='bbox 347 1888 353 1939; x_wconf 95' lang='lat' dir='ltr'>i</span> <span class='ocrx_word' id='word_1_192' title='bbox 375 1885 509 1938; x_wconf 89' lang='lat' dir='ltr'>nominiae</span> <span class='ocrx_word' id='word_1_193' title='bbox 521 1903 600 1938; x_wconf 86' lang='lat' dir='ltr'>causa</span> <span class='ocrx_word' id='word_1_194' title='bbox 611 1885 694 1954; x_wconf 88' lang='lat' dir='ltr'>jubet,</span> <span class='ocrx_word' id='word_1_195' title='bbox 708 1885 859 1940; x_wconf 88' lang='lat' dir='ltr'>fortitudine</span> <span class='ocrx_word' id='word_1_196' title='bbox 879 1903 972 1940; x_wconf 90' lang='lat' dir='ltr'>usurus</span> <span class='ocrx_word' id='word_1_197' title='bbox 990 1887 1014 1940; x_wconf 89' lang='lat' dir='ltr'>in</span> 
     </span>
     <span class='ocr_line' id='line_1_25' title="bbox 104 1904 1015 2022; baseline -0.002 -12"><span class='ocrx_word' id='word_1_198' title='bbox 104 1957 174 2010; x_wconf 87' lang='lat' dir='ltr'>bello</span> <span class='ocrx_word' id='word_1_199' title='bbox 187 1957 338 2010; x_wconf 86' lang='lat' dir='ltr'>libertatem</span> <span class='ocrx_word' id='word_1_200' title='bbox 355 1904 463 2022; x_wconf 57' lang='lat' dir='ltr'>inguae</span> <span class='ocrx_word' id='word_1_201' title='bbox 481 1955 515 2006; x_wconf 86' lang='lat' dir='ltr'>ab</span> <span class='ocrx_word' id='word_1_202' title='bbox 533 1954 638 2007; x_wconf 89' lang='lat' dir='ltr'>auribus</span> <span class='ocrx_word' id='word_1_203' title='bbox 657 1955 772 2008; x_wconf 89' lang='lat' dir='ltr'>credulis</span> <span class='ocrx_word' id='word_1_204' title='bbox 790 1965 944 2009; x_wconf 88' lang='lat' dir='ltr'>remoturus.</span> <span class='ocrx_word' id='word_1_205' title='bbox 981 1957 1015 2010; x_wconf 85' lang='lat' dir='ltr'>Et</span> 
     </span>
     <span class='ocr_line' id='line_1_26' title="bbox 104 2021 1016 2096; baseline -0.004 -13"><span class='ocrx_word' id='word_1_206' title='bbox 104 2027 254 2094; x_wconf 82' lang='lat' dir='ltr'>eonsilium,</span> <span class='ocrx_word' id='word_1_207' title='bbox 278 2023 449 2078; x_wconf 87' lang='lat' dir='ltr'>temerarium</span> <span class='ocrx_word' id='word_1_208' title='bbox 474 2021 579 2076; x_wconf 83' lang='lat' dir='ltr'>forsitan</span> <span class='ocrx_word' id='word_1_209' title='bbox 604 2023 713 2094; x_wconf 89' lang='lat' dir='ltr'>(quippe</span> <span class='ocrx_word' id='word_1_210' title='bbox 737 2023 872 2078; x_wconf 88' lang='lat' dir='ltr'>fortissimi</span> <span class='ocrx_word' id='word_1_211' title='bbox 900 2025 1016 2096; x_wconf 86' lang='lat' dir='ltr'>juvenes</span> 
     </span>
     <span class='ocr_line' id='line_1_27' title="bbox 104 2093 1015 2215; baseline -0.001 -66"><span class='ocrx_word' id='word_1_212' title='bbox 104 2095 273 2148; x_wconf 90' lang='lat' dir='ltr'>contumeliis</span> <span class='ocrx_word' id='word_1_213' title='bbox 290 2093 385 2147; x_wconf 90' lang='lat' dir='ltr'>irritati</span> <span class='ocrx_word' id='word_1_214' title='bbox 398 2094 493 2215; x_wconf 58' lang='lat' dir='ltr'>erantp,</span> <span class='ocrx_word' id='word_1_215' title='bbox 507 2093 573 2145; x_wconf 88' lang='lat' dir='ltr'>sieut</span> <span class='ocrx_word' id='word_1_216' title='bbox 592 2094 681 2145; x_wconf 91' lang='lat' dir='ltr'>omnia</span> <span class='ocrx_word' id='word_1_217' title='bbox 698 2093 751 2146; x_wconf 86' lang='lat' dir='ltr'>alia</span> <span class='ocrx_word' id='word_1_218' title='bbox 764 2093 878 2146; x_wconf 85' lang='lat' dir='ltr'>felicitas</span> <span class='ocrx_word' id='word_1_219' title='bbox 890 2098 959 2164; x_wconf 84' lang='lat' dir='ltr'>regis</span> <span class='ocrx_word' id='word_1_220' title='bbox 971 2113 1015 2148; x_wconf 84' lang='lat' dir='ltr'>ex·</span> 
     </span>
     <span class='ocr_line' id='line_1_28' title="bbox 104 2161 1014 2235; baseline 0 -16"><span class='ocrx_word' id='word_1_221' title='bbox 104 2165 195 2235; x_wconf 71' lang='lat' dir='ltr'>oepit.⁸</span> <span class='ocrx_word' id='word_1_222' title='bbox 230 2163 303 2218; x_wconf 89' lang='lat' dir='ltr'>Nihil</span> <span class='ocrx_word' id='word_1_223' title='bbox 316 2163 367 2215; x_wconf 91' lang='lat' dir='ltr'>illis</span> <span class='ocrx_word' id='word_1_224' title='bbox 379 2161 468 2216; x_wconf 88' lang='lat' dir='ltr'>adbel</span> <span class='ocrx_word' id='word_1_225' title='bbox 480 2180 497 2215; x_wconf 90' lang='lat' dir='ltr'>a</span> <span class='ocrx_word' id='word_1_226' title='bbox 508 2163 652 2232; x_wconf 87' lang='lat' dir='ltr'>promptius</span> <span class='ocrx_word' id='word_1_227' title='bbox 660 2161 718 2216; x_wconf 89' lang='lat' dir='ltr'>fuit.</span> <span class='ocrx_word' id='word_1_228' title='bbox 754 2163 881 2221; x_wconf 85' lang='lat' dir='ltr'>incitabat</span> <span class='ocrx_word' id='word_1_229' title='bbox 891 2165 1014 2219; x_wconf 87' lang='lat' dir='ltr'>virtutem</span> 
     </span>
     <span class='ocr_line' id='line_1_29' title="bbox 105 2231 1016 2304; baseline -0.001 -16"><span class='ocrx_word' id='word_1_230' title='bbox 105 2249 131 2287; x_wconf 89' lang='lat' dir='ltr'>et</span> <span class='ocrx_word' id='word_1_231' title='bbox 145 2235 306 2304; x_wconf 86' lang='lat' dir='ltr'>ignominiae</span> <span class='ocrx_word' id='word_1_232' title='bbox 318 2231 468 2285; x_wconf 87' lang='lat' dir='ltr'>demendae</span> <span class='ocrx_word' id='word_1_233' title='bbox 480 2233 584 2302; x_wconf 90' lang='lat' dir='ltr'>cupido,</span> <span class='ocrx_word' id='word_1_234' title='bbox 597 2239 624 2284; x_wconf 90' lang='lat' dir='ltr'>et</span> <span class='ocrx_word' id='word_1_235' title='bbox 636 2233 699 2301; x_wconf 82' lang='lat' dir='ltr'>quia</span> <span class='ocrx_word' id='word_1_236' title='bbox 711 2232 787 2286; x_wconf 87' lang='lat' dir='ltr'>fortis</span> <span class='ocrx_word' id='word_1_237' title='bbox 799 2233 869 2286; x_wconf 86' lang='lat' dir='ltr'>faeta</span> <span class='ocrx_word' id='word_1_238' title='bbox 881 2234 907 2287; x_wconf 93' lang='lat' dir='ltr'>in</span> <span class='ocrx_word' id='word_1_239' title='bbox 923 2235 1016 2304; x_wconf 89' lang='lat' dir='ltr'>paucis</span> 
     </span>
     <span class='ocr_line' id='line_1_30' title="bbox 105 2306 396 2372; baseline -0.017 -14"><span class='ocrx_word' id='word_1_240' title='bbox 105 2306 252 2359; x_wconf 82' lang='lat' dir='ltr'>lateranen</span> <span class='ocrx_word' id='word_1_241' title='bbox 267 2309 396 2372; x_wconf 89' lang='lat' dir='ltr'>poterant.</span> 
     </span>
    </p>

    <p class='ocr_par' dir='ltr' id='par_1_4' title="bbox 103 2370 1015 2892">
     <span class='ocr_line' id='line_1_31' title="bbox 142 2370 1015 2443; baseline -0.002 -15"><span class='ocrx_word' id='word_1_242' title='bbox 142 2382 181 2428; x_wconf 91' lang='lat' dir='ltr'>tl.</span> <span class='ocrx_word' id='word_1_243' title='bbox 202 2375 249 2425; x_wconf 90' lang='lat' dir='ltr'>His</span> <span class='ocrx_word' id='word_1_244' title='bbox 261 2373 298 2426; x_wconf 92' lang='lat' dir='ltr'>ita</span> <span class='ocrx_word' id='word_1_245' title='bbox 310 2373 467 2442; x_wconf 89' lang='lat' dir='ltr'>compositis,</span> <span class='ocrx_word' id='word_1_246' title='bbox 481 2370 640 2439; x_wconf 84' lang='lat' dir='ltr'>Alexander,</span> <span class='ocrx_word' id='word_1_247' title='bbox 655 2372 813 2426; x_wconf 72' lang='lat' dir='ltr'>Asianorum</span> <span class='ocrx_word' id='word_1_248' title='bbox 831 2382 935 2443; x_wconf 86' lang='lat' dir='ltr'>satrape</span> <span class='ocrx_word' id='word_1_249' title='bbox 954 2391 1015 2426; x_wconf 89' lang='lat' dir='ltr'>con-</span> 
     </span>
     <span class='ocr_line' id='line_1_32' title="bbox 103 2439 1014 2523; baseline 0 -26"><span class='ocrx_word' id='word_1_250' title='bbox 103 2447 200 2513; x_wconf 85' lang='lat' dir='ltr'>stituto,</span> <span class='ocrx_word' id='word_1_251' title='bbox 220 2444 270 2496; x_wconf 88' lang='lat' dir='ltr'>iter</span> <span class='ocrx_word' id='word_1_252' title='bbox 289 2441 448 2523; x_wconf 87' lang='lat' dir='ltr'>pronuntiari</span> <span class='ocrx_word' id='word_1_253' title='bbox 467 2439 543 2510; x_wconf 87' lang='lat' dir='ltr'>jubet</span> <span class='ocrx_word' id='word_1_254' title='bbox 563 2441 588 2492; x_wconf 93' lang='lat' dir='ltr'>in</span> <span class='ocrx_word' id='word_1_255' title='bbox 608 2442 857 2512; x_wconf 86' lang='lat' dir='ltr'>Arimaspos,⁷quos</span> <span class='ocrx_word' id='word_1_256' title='bbox 876 2443 932 2512; x_wconf 80' lang='lat' dir='ltr'>jani</span> <span class='ocrx_word' id='word_1_257' title='bbox 951 2453 1014 2498; x_wconf 90' lang='lat' dir='ltr'>tunc</span> 
     </span>
     <span class='ocr_line' id='line_1_33' title="bbox 103 2509 1015 2580; baseline -0.003 -12"><span class='ocrx_word' id='word_1_258' title='bbox 103 2524 205 2568; x_wconf 89' lang='lat' dir='ltr'>mutato</span> <span class='ocrx_word' id='word_1_259' title='bbox 228 2530 335 2566; x_wconf 82' lang='lat' dir='ltr'>nominc</span> <span class='ocrx_word' id='word_1_260' title='bbox 359 2513 505 2578; x_wconf 83' lang='lat' dir='ltr'>Euergetas</span> <span class='ocrx_word' id='word_1_261' title='bbox 527 2509 704 2579; x_wconf 84' lang='lat' dir='ltr'>appellabant,</span> <span class='ocrx_word' id='word_1_262' title='bbox 725 2529 760 2564; x_wconf 87' lang='lat' dir='ltr'>ex</span> <span class='ocrx_word' id='word_1_263' title='bbox 777 2529 829 2580; x_wconf 92' lang='lat' dir='ltr'>quo</span> <span class='ocrx_word' id='word_1_264' title='bbox 847 2513 942 2580; x_wconf 86' lang='lat' dir='ltr'>frigore</span> <span class='ocrx_word' id='word_1_265' title='bbox 961 2515 1015 2566; x_wconf 91' lang='lat' dir='ltr'>vie·</span> 
     </span>
     <span class='ocr_line' id='line_1_34' title="bbox 103 2578 1015 2655; baseline -0.001 -19"><span class='ocrx_word' id='word_1_266' title='bbox 103 2595 201 2655; x_wconf 87' lang='lat' dir='ltr'>tusqua</span> <span class='ocrx_word' id='word_1_267' title='bbox 219 2583 331 2654; x_wconf 87' lang='lat' dir='ltr'>penuria</span> <span class='ocrx_word' id='word_1_268' title='bbox 347 2579 407 2649; x_wconf 88' lang='lat' dir='ltr'>Cyri</span> <span class='ocrx_word' id='word_1_269' title='bbox 426 2578 574 2632; x_wconf 82' lang='lat' dir='ltr'>exereitum</span> <span class='ocrx_word' id='word_1_270' title='bbox 591 2579 717 2634; x_wconf 81' lang='lat' dir='ltr'>aflectum</span> <span class='ocrx_word' id='word_1_271' title='bbox 731 2583 809 2634; x_wconf 87' lang='lat' dir='ltr'>tectis</span> <span class='ocrx_word' id='word_1_272' title='bbox 821 2591 847 2633; x_wconf 88' lang='lat' dir='ltr'>et</span> <span class='ocrx_word' id='word_1_273' title='bbox 860 2583 1015 2636; x_wconf 88' lang='lat' dir='ltr'>commeati-</span> 
     </span>
     <span class='ocr_line' id='line_1_35' title="bbox 104 2648 1015 2724; baseline -0.004 -16"><span class='ocrx_word' id='word_1_274' title='bbox 104 2656 154 2708; x_wconf 88' lang='lat' dir='ltr'>bus</span> <span class='ocrx_word' id='word_1_275' title='bbox 172 2655 303 2724; x_wconf 83' lang='lat' dir='ltr'>juverant.</span> <span class='ocrx_word' id='word_1_276' title='bbox 340 2650 453 2708; x_wconf 84' lang='lat' dir='ltr'>Quintus</span> <span class='ocrx_word' id='word_1_277' title='bbox 464 2648 522 2701; x_wconf 87' lang='lat' dir='ltr'>dies</span> <span class='ocrx_word' id='word_1_278' title='bbox 534 2657 597 2719; x_wconf 85' lang='lat' dir='ltr'>erat,</span> <span class='ocrx_word' id='word_1_279' title='bbox 612 2648 751 2702; x_wconf 87' lang='lat' dir='ltr'>utineam</span> <span class='ocrx_word' id='word_1_280' title='bbox 771 2651 904 2718; x_wconf 86' lang='lat' dir='ltr'>regionem</span> <span class='ocrx_word' id='word_1_281' title='bbox 923 2669 1015 2721; x_wconf 88' lang='lat' dir='ltr'>perve-</span> 
     </span>
     <span class='ocr_line' id='line_1_36' title="bbox 105 2718 1014 2792; baseline -0.002 -16"><span class='ocrx_word' id='word_1_282' title='bbox 105 2735 188 2776; x_wconf 89' lang='lat' dir='ltr'>nerat.</span> <span class='ocrx_word' id='word_1_283' title='bbox 225 2721 363 2790; x_wconf 86' lang='lat' dir='ltr'>Cognoscit</span> <span class='ocrx_word' id='word_1_284' title='bbox 385 2718 592 2787; x_wconf 86' lang='lat' dir='ltr'>Satibarzanem,</span> <span class='ocrx_word' id='word_1_285' title='bbox 613 2719 657 2787; x_wconf 94' lang='lat' dir='ltr'>qui</span> <span class='ocrx_word' id='word_1_286' title='bbox 681 2719 715 2771; x_wconf 90' lang='lat' dir='ltr'>ad</span> <span class='ocrx_word' id='word_1_287' title='bbox 738 2719 851 2772; x_wconf 90' lang='lat' dir='ltr'>Bessum</span> <span class='ocrx_word' id='word_1_288' title='bbox 869 2720 1014 2792; x_wconf 87' lang='lat' dir='ltr'>defecerat,</span> 
     </span>
     <span class='ocr_line' id='line_1_37' title="bbox 104 2787 1015 2862; baseline -0.002 -16"><span class='ocrx_word' id='word_1_289' title='bbox 104 2810 167 2846; x_wconf 86' lang='lat' dir='ltr'>eum</span> <span class='ocrx_word' id='word_1_290' title='bbox 185 2793 305 2862; x_wconf 88' lang='lat' dir='ltr'>equitum</span> <span class='ocrx_word' id='word_1_291' title='bbox 327 2806 408 2842; x_wconf 91' lang='lat' dir='ltr'>manu</span> <span class='ocrx_word' id='word_1_292' title='bbox 428 2787 553 2856; x_wconf 90' lang='lat' dir='ltr'>irrupisse</span> <span class='ocrx_word' id='word_1_293' title='bbox 572 2805 661 2840; x_wconf 88' lang='lat' dir='ltr'>rursus</span> <span class='ocrx_word' id='word_1_294' title='bbox 673 2789 698 2840; x_wconf 95' lang='lat' dir='ltr'>in</span> <span class='ocrx_word' id='word_1_295' title='bbox 712 2790 796 2842; x_wconf 87' lang='lat' dir='ltr'>Arios.</span> <span class='ocrx_word' id='word_1_296' title='bbox 832 2789 926 2858; x_wconf 88' lang='lat' dir='ltr'>Itaque</span> <span class='ocrx_word' id='word_1_297' title='bbox 938 2791 1015 2844; x_wconf 86' lang='lat' dir='ltr'>Cara·</span> 
     </span>
     <span class='ocr_line' id='line_1_38' title="bbox 103 2873 1013 2892; baseline -0.002 3"><span class='ocrx_word' id='word_1_298' title='bbox 103 2873 941 2892; x_wconf 47' lang='lat' dir='ltr'><em>W</em></span> <span class='ocrx_word' id='word_1_299' title='bbox 1007 2882 1013 2886; x_wconf 89' lang='lat'>.</span> 
     </span>
    </p>
   </div>
   <div class='ocr_carea' id='block_1_3' title="bbox 103 2880 1015 3617">
    <p class='ocr_par' dir='ltr' id='par_1_5' title="bbox 104 2880 1015 3097">
     <span class='ocr_line' id='line_1_39' title="bbox 134 2880 1015 2994; baseline 0.003 -36"><span class='ocrx_word' id='word_1_300' title='bbox 134 2920 140 2942; x_wconf 85' lang='lat'><strong>¹</strong></span> <span class='ocrx_word' id='word_1_301' title='bbox 155 2914 236 2962; x_wconf 86' lang='lat' dir='ltr'>‘Who</span> <span class='ocrx_word' id='word_1_302' title='bbox 244 2911 335 2994; x_wconf 72' lang='lat' dir='ltr'>jqued</span> <span class='ocrx_word' id='word_1_303' title='bbox 346 2911 374 2959; x_wconf 93' lang='lat' dir='ltr'>of</span> <span class='ocrx_word' id='word_1_304' title='bbox 380 2908 524 2970; x_wconf 89' lang='lat' dir='ltr'>everything</span> <span class='ocrx_word' id='word_1_305' title='bbox 535 2907 662 2970; x_wconf 85' lang='lat' dir='ltr'>according</span> <span class='ocrx_word' id='word_1_306' title='bbox 673 2917 697 2956; x_wconf 92' lang='lat' dir='ltr'>to</span> <span class='ocrx_word' id='word_1_307' title='bbox 708 2908 749 2957; x_wconf 88' lang='lat' dir='ltr'>the</span> <span class='ocrx_word' id='word_1_308' title='bbox 760 2924 871 2958; x_wconf 86' lang='lat' dir='ltr'>measure</span> <span class='ocrx_word' id='word_1_309' title='bbox 879 2911 907 2960; x_wconf 92' lang='lat' dir='ltr'>of</span> <span class='ocrx_word' id='word_1_310' title='bbox 913 2880 951 2960; x_wconf 81' lang='lat' dir='ltr'>his</span> <span class='ocrx_word' id='word_1_311' title='bbox 960 2929 1015 2962; x_wconf 81' lang='lat' dir='ltr'>own</span> 
     </span>
     <span class='ocr_line' id='line_1_40' title="bbox 104 2972 592 3097; baseline -0.006 -18"><span class='ocrx_word' id='word_1_312' title='bbox 104 2972 278 3088; x_wconf 46' lang='lat' dir='ltr'>gopdgqrqqpsee</span> <span class='ocrx_word' id='word_1_313' title='bbox 289 3029 456 3079; x_wconf 67' lang='lat' dir='ltr'>consessione!</span> <span class='ocrx_word' id='word_1_314' title='bbox 588 3087 592 3097; x_wconf 41' lang='grc' dir='ltr'>Ι</span> 
     </span>
    </p>

    <p class='ocr_par' dir='ltr' id='par_1_6' title="bbox 104 3086 1014 3199">
     <span class='ocr_line' id='line_1_41' title="bbox 134 3086 1014 3147; baseline 0.003 -11"><span class='ocrx_word' id='word_1_315' title='bbox 134 3095 142 3120; x_wconf 76' lang='lat'>³</span> <span class='ocrx_word' id='word_1_316' title='bbox 156 3091 236 3138; x_wconf 80' lang='lat' dir='ltr'>‘Who</span> <span class='ocrx_word' id='word_1_317' title='bbox 247 3089 294 3138; x_wconf 88' lang='lat' dir='ltr'>had</span> <span class='ocrx_word' id='word_1_318' title='bbox 305 3091 368 3137; x_wconf 84' lang='lat' dir='ltr'>been</span> <span class='ocrx_word' id='word_1_319' title='bbox 378 3088 450 3136; x_wconf 86' lang='lat' dir='ltr'>hated</span> <span class='ocrx_word' id='word_1_320' title='bbox 467 3088 499 3146; x_wconf 90' lang='lat' dir='ltr'>by</span> <span class='ocrx_word' id='word_1_321' title='bbox 510 3086 552 3134; x_wconf 86' lang='lat' dir='ltr'>the</span> <span class='ocrx_word' id='word_1_322' title='bbox 568 3087 628 3147; x_wconf 82' lang='lat' dir='ltr'>king</span> <span class='ocrx_word' id='word_1_323' title='bbox 643 3101 674 3134; x_wconf 92' lang='lat' dir='ltr'>on</span> <span class='ocrx_word' id='word_1_324' title='bbox 689 3086 759 3134; x_wconf 88' lang='lat' dir='ltr'>other</span> <span class='ocrx_word' id='word_1_325' title='bbox 769 3090 901 3138; x_wconf 63' lang='lat' dir='ltr'>accounts!</span> <span class='ocrx_word' id='word_1_326' title='bbox 934 3090 1014 3140; x_wconf 80' lang='lat' dir='ltr'>Habeo</span> 
     </span>
     <span class='ocr_line' id='line_1_42' title="bbox 104 3148 502 3199; baseline -0.015 0"><span class='ocrx_word' id='word_1_327' title='bbox 104 3162 127 3199; x_wconf 89' lang='lat' dir='ltr'>te</span> <span class='ocrx_word' id='word_1_328' title='bbox 137 3153 241 3198; x_wconf 80' lang='lat' dir='ltr'>incisum</span> <span class='ocrx_word' id='word_1_329' title='bbox 251 3148 287 3196; x_wconf 87' lang='lat' dir='ltr'>for</span> <span class='ocrx_word' id='word_1_330' title='bbox 298 3151 354 3196; x_wconf 80' lang='lat' dir='ltr'>milri</span> <span class='ocrx_word' id='word_1_331' title='bbox 365 3150 459 3196; x_wconf 81' lang='lat' dir='ltr'>inuisus</span> <span class='ocrx_word' id='word_1_332' title='bbox 471 3163 502 3194; x_wconf 82' lang='lat' dir='ltr'>es.</span> 
     </span>
    </p>

    <p class='ocr_par' dir='ltr' id='par_1_7' title="bbox 103 3205 1013 3514">
     <span class='ocr_line' id='line_1_43' title="bbox 134 3205 1013 3312; baseline 0 -56"><span class='ocrx_word' id='word_1_333' title='bbox 134 3216 142 3238; x_wconf 84' lang='lat'><strong>⁴</strong></span> <span class='ocrx_word' id='word_1_334' title='bbox 156 3207 386 3276; x_wconf 62' lang='lat' dir='ltr'>‘Aequaintsneesd</span> <span class='ocrx_word' id='word_1_335' title='bbox 404 3215 447 3312; x_wconf 74' lang='lat' dir='ltr'>nqt</span> <span class='ocrx_word' id='word_1_336' title='bbox 463 3205 600 3264; x_wconf 82' lang='lat' dir='ltr'>equivalent</span> <span class='ocrx_word' id='word_1_337' title='bbox 617 3215 641 3253; x_wconf 92' lang='lat' dir='ltr'>to</span> <span class='ocrx_word' id='word_1_338' title='bbox 656 3209 792 3276; x_wconf 73' lang='lat' dir='ltr'>propinqui.</span> <span class='ocrx_word' id='word_1_339' title='bbox 823 3205 959 3258; x_wconf 81' lang='lat' dir='ltr'>Necessarii</span> <span class='ocrx_word' id='word_1_340' title='bbox 972 3224 1013 3258; x_wconf 82' lang='lat' dir='ltr'>ere</span> 
     </span>
     <span class='ocr_line' id='line_1_44' title="bbox 103 3268 1010 3386; baseline -0.002 -11"><span class='ocrx_word' id='word_1_341' title='bbox 103 3268 714 3386; x_wconf 48' lang='lat' dir='ltr'>pepqopppppppepqomere,heeepepiqptpoopqefcppiq</span> <span class='ocrx_word' id='word_1_342' title='bbox 727 3325 775 3374; x_wconf 85' lang='lat' dir='ltr'>and</span> <span class='ocrx_word' id='word_1_343' title='bbox 792 3325 885 3375; x_wconf 83' lang='lat' dir='ltr'>similer</span> <span class='ocrx_word' id='word_1_344' title='bbox 899 3323 1010 3384; x_wconf 84' lang='lat' dir='ltr'>adrerbs,</span> 
     </span>
     <span class='ocr_line' id='line_1_45' title="bbox 103 3386 788 3514; baseline -0.009 -18"><span class='ocrx_word' id='word_1_345' title='bbox 103 3403 145 3478; x_wconf 54' lang='lat' dir='ltr'>se?</span> <span class='ocrx_word' id='word_1_346' title='bbox 155 3386 332 3496; x_wconf 47' lang='grc' dir='ltr'>’(ξὲὶτὸνῒεῗὶῖἑτ</span> <span class='ocrx_word' id='word_1_347' title='bbox 343 3458 425 3514; x_wconf 79' lang='lat' dir='ltr'>aqeom</span> <span class='ocrx_word' id='word_1_348' title='bbox 443 3441 530 3491; x_wconf 58' lang='lat' dir='ltr'>sniedss</span> <span class='ocrx_word' id='word_1_349' title='bbox 783 3504 788 3514; x_wconf 29' lang='grc' dir='ltr'>ι</span> 
     </span>
    </p>

    <p class='ocr_par' dir='ltr' id='par_1_8' title="bbox 133 3501 879 3617">
     <span class='ocr_line' id='line_1_46' title="bbox 133 3501 879 3617; baseline -0.001 -62"><span class='ocrx_word' id='word_1_350' title='bbox 133 3506 174 3554; x_wconf 79' lang='grc' dir='ltr'>Ἀ</span> <span class='ocrx_word' id='word_1_351' title='bbox 185 3507 246 3555; x_wconf 86' lang='lat' dir='ltr'>tribe</span> <span class='ocrx_word' id='word_1_352' title='bbox 258 3521 289 3553; x_wconf 93' lang='lat' dir='ltr'>cn</span> <span class='ocrx_word' id='word_1_353' title='bbox 299 3505 340 3553; x_wconf 89' lang='lat' dir='ltr'>the</span> <span class='ocrx_word' id='word_1_354' title='bbox 351 3517 414 3552; x_wconf 82' lang='lat' dir='ltr'>nrer</span> <span class='ocrx_word' id='word_1_355' title='bbox 449 3501 584 3617; x_wconf 52' lang='lat' dir='ltr'>tymendlpr,</span> <span class='ocrx_word' id='word_1_356' title='bbox 595 3501 636 3550; x_wconf 87' lang='lat' dir='ltr'>the</span> <span class='ocrx_word' id='word_1_357' title='bbox 647 3503 746 3552; x_wconf 87' lang='lat' dir='ltr'>modern</span> <span class='ocrx_word' id='word_1_358' title='bbox 757 3503 879 3554; x_wconf 85' lang='lat' dir='ltr'>Hrlmend.</span> 
     </span>
    </p>
   </div>
   <div class='ocr_carea' id='block_1_4' title="bbox 0 0 1162 3886">
    <p class='ocr_par' dir='ltr' id='par_1_9' title="bbox 0 0 1162 3886">
     <span class='ocr_line' id='line_1_47' title="bbox 0 0 1162 3886; baseline 0 0"><span class='ocrx_word' id='word_1_359' title='bbox 0 0 1162 3886; x_wconf 95' lang='lat' dir='ltr'> </span> 
     </span>
    </p>
   </div>
  </div>
 </body>
</html>
