2410 3890
502 259 594 312 crece
614 259 654 300 iv.
994 243 1030 300 'll

116 370 154 425 ad
171 369 347 438 occidentem,
360 368 404 422 alii
423 369 569 439 Aethiopes
586 368 682 437 colunt,
696 384 762 438 quos
780 367 901 422 Scenitas
918 369 1032 420 vocant.¹

117 443 144 494 A
162 440 352 510 septemtrione
371 440 537 492 Nasamones
560 450 628 506 sunt,
647 455 713 506 gens
730 438 850 508 Syrtica,¹
868 437 1033 506 navigiorum

117 511 214 580 spoliis
224 519 401 579 quaestuosa;
419 511 518 578 quippe
530 508 653 560 obsident
672 507 754 575 litora,
768 516 795 559 et
813 518 888 560 aestu
907 507 1033 560 destituta

117 581 224 648 navigia
248 581 316 630 notis
339 578 392 632 eibi
416 579 492 630 vadis
514 586 652 647 occupant.
691 578 794 630 Incolae
819 577 942 646 nemoris,
967 593 1033 646 quos

117 649 294 704 Hammonios
326 657 428 716 vocant,
457 648 582 717 dispersis
612 647 722 714 tuguriis
752 647 880 715 habitant,
912 645 1032 700 medium

117 735 216 772 nemus
227 735 272 787 pro
285 735 346 770 arce
359 716 478 786 babent,³
495 718 591 786 triplici
611 731 686 768 mum
703 715 907 768 circumdatum.
944 715 1033 768 Prima

117 788 231 842 munitio
255 796 426 857 tyrannorum
450 798 569 840 veterem
594 789 696 854 regiam
724 785 832 838 clausit:
865 785 892 838 in
909 786 1033 906 proxima

117 857 247 928 conjuges
259 873 350 910 eorum
362 874 425 910 curn
443 856 534 909 liboris
552 866 578 908 et
596 854 738 926 pellicibus
755 854 891 923 habitant,
930 855 953 907 ic
970 871 1033 924 quc·

118 943 172 997 que
184 927 228 980 dei
240 927 374 980 oraculum
389 935 445 979 est:
464 925 560 978 ultima
572 927 739 978 munimenta
757 923 902 978 satellitum
920 925 1033 992 armige-

118 1013 260 1065 rorumque
279 995 358 1048 sedes
376 1005 458 1048 erant.
499 995 543 1048 Est
561 1006 587 1048 et
605 994 675 1048 aliud
695 995 852 1049 Hammonis
869 1011 981 1048 nemus:
1006 999 1032 1048 in

118 1065 209 1120 medio
226 1064 308 1118 habet
327 1065 427 1118 iontem
446 1065 523 1136 (Solis
541 1081 637 1134 aquam
653 1067 776 1134 vocant):
796 1064 845 1118 sub
863 1064 931 1118 lucis
948 1075 1032 1119 ortum

118 1136 212 1205 tepida
230 1144 328 1204 manat,
348 1133 438 1187 medio
457 1134 510 1202 die,
525 1135 601 1203 cujus
621 1134 873 1188 vehementissimus
891 1143 933 1188 est
954 1135 1032 1204 calor,

119 1205 216 1274 frigida
238 1203 336 1257 eadem
360 1204 422 1272 fluit,
444 1203 568 1256 inclinato
592 1205 618 1257 in
644 1219 784 1274 vesperam
807 1203 924 1272 calescit,
945 1204 1034 1258 media

119 1283 199 1328 nocta
212 1273 313 1325 fervida
325 1282 471 1342 exaestuat,
486 1289 591 1342 quoque
611 1290 660 1326 nox
674 1273 780 1344 propius
792 1274 877 1342 vergit
889 1273 922 1326 ad
935 1274 1033 1340 lucem,

79 1369 81 1376 ¹
121 1343 237 1396 multum
253 1351 287 1394 eri
299 1351 425 1396 nocturno
443 1341 531 1394 calore
549 1341 688 1412 decrescit,
701 1343 786 1396 donec
805 1344 855 1398 sub
874 1343 963 1412 ipsum
981 1343 1035 1396 diei

119 1421 206 1466 ortum
219 1421 325 1466 assueto
344 1421 435 1481 tepore
452 1411 626 1480 languescat.⁴
661 1412 698 1480 ld,
712 1412 781 1482 quod
801 1429 847 1482 pro
864 1412 914 1464 deo
933 1413 1033 1482 colitur,

120 1497 172 1534 non
184 1481 298 1534 eandem
309 1481 430 1550 effigiem
442 1481 531 1551 babet,
544 1497 625 1550 quam
638 1481 717 1549 vulgo
733 1481 784 1534 diis
801 1482 918 1535 artifices
930 1500 1034 1536 accom-

120 1551 311 1604 modaverunt:
330 1551 457 1605 umbilico
471 1552 588 1604 maxima
600 1551 694 1604 similis
712 1561 753 1603 est
765 1551 880 1620 habitus,
895 1553 1034 1620 smaragdo

120 1628 149 1673 et
171 1621 286 1688 gemmis
309 1629 518 1689 coagmentatus.
555 1621 640 1690 Hunc,
662 1637 725 1674 eum
749 1637 904 1690 responsum
928 1623 1032 1690 petitur,

121 1689 226 1759 navigio
237 1699 327 1744 aurato
339 1699 445 1760 gestant
457 1689 615 1759 secerdotes,
628 1690 720 1743 multis
737 1691 872 1758 argenteis
889 1691 988 1761 pateris
1000 1691 1035 1744 ab

120 1767 231 1830 utroque
245 1760 343 1828 navigii
358 1759 441 1812 latere
460 1758 654 1828 pendentibus:
673 1775 702 1812 se
723 1769 819 1812 uuntur
831 1769 966 1813 matronae
984 1764 1034 1812 vir-

120 1830 258 1898 ginesque,
272 1830 355 1909 patrio
368 1845 441 1882 more
453 1827 618 1882 inconditum
630 1775 764 1898 quodiam
777 1847 884 1883 carmen
898 1839 1033 1898 canentes,

120 1913 173 1967 quc
185 1898 319 1968 propitiari
330 1900 424 1952 Jovem
436 1899 556 1966 credunt,
572 1908 599 1951 ut
611 1907 713 1950 certum
726 1897 788 1951 edat
800 1901 946 1952 oraculum.

155 1971 197 2019 ³2.
218 1971 257 2020 Ac
280 1977 337 2021 tum
357 1968 467 2037 quidem
493 1983 582 2036 regem
606 1968 713 2089 propius
735 1967 880 2020 adeuntem
899 1969 1035 2021 maximus

121 2045 184 2088 natu
197 2053 213 2088 e
225 2037 407 2090 sacerdotibus
419 2037 503 2089 filium
516 2037 641 2106 appellat,
674 2053 706 2088 oo
723 2051 821 2090 nomen
839 2037 877 2090 illi
896 2047 1034 2107 parentem

120 2106 215 2160 Jovem
236 2106 347 2160 reddere
366 2106 510 2159 affirmans.
548 2107 595 2159 llle
616 2123 645 2158 se
665 2120 726 2160 vero
750 2115 776 2158 et
799 2107 922 2178 accipere
942 2107 986 2178 ait,
1008 2116 1035 2160 et

121 2191 274 2244 agnoscere,
299 2176 433 2230 humanae
457 2177 534 2228 sortis
557 2177 663 2229 oblitus.
700 2175 838 2230 Consuluit
860 2177 966 2248 deinde,
990 2180 1035 2230 au⁵

122 2243 201 2296 totius
212 2245 283 2298 orbis
296 2245 437 2316 imperium
451 2245 513 2298 satis
531 2245 584 2299 sibi
601 2245 745 2298 destinaret
763 2247 858 2316 paterl
894 2251 988 2316 Aeque
1009 2248 1033 2300 iu

122 2312 304 2368 adulationem
326 2317 496 2384 compositus,
520 2323 647 2370 terrarum
670 2317 791 2370 omnium
823 2325 951 2370 rectorem
978 2315 1034 2370 lore

121 2382 243 2436 ostendit.
281 2385 341 2436 Post
360 2385 428 2436 baec
441 2385 534 2437 institit
546 2401 681 2454 quaerere,
695 2401 729 2441 au
747 2401 842 2440 omnes
858 2387 976 2456 parentis
994 2389 1034 2440 sui

123 2451 303 2506 interfectores
314 2469 415 2524 poenas
425 2453 570 2506 dedissent.
602 2454 730 2508 Sacerdos
738 2465 877 2524 parentem
889 2455 948 2525 ejus
955 2467 1035 2524 negat

124 2519 205 2576 ullius
223 2523 324 2576 scelere
343 2539 420 2602 posse
433 2523 530 2593 violari,
545 2523 659 2593 Philippi
671 2531 762 2577 autem
775 2541 868 2578 omues
880 2525 962 2578 luisse
974 2542 1034 2594 sup-

123 2589 215 2659 plicia:
229 2591 262 2644 ad
268 2590 336 2661 ecit,
346 2593 474 2646 invictum
488 2591 551 2662 fore,
562 2593 646 2644 donec
655 2592 798 2646 excederet
807 2593 841 2646 ad
851 2593 923 2647 deos.
954 2593 1035 2647 Sacri·

122 2609 290 2714 derodendo
303 2661 378 2729 lacto,
392 2661 460 2714 dona
472 2671 498 2713 et
511 2661 693 2716 sacerdotibus
710 2670 737 2716 ot
755 2663 805 2714 deo
822 2662 884 2714 data
895 2672 964 2732 sunt,
978 2680 1035 2732 per-

123 2730 289 2800 missumque
301 2730 404 2799 amicie,
418 2739 447 2782 ut
457 2730 507 2800 ipsi
519 2731 635 2800 quoque⁶
647 2730 815 2785 consulerent
827 2732 930 2784 lovem.
961 2732 1035 2786 Nihil

122 2798 239 2868 amplius
255 2800 433 2868 quaesierunt,
446 2817 527 2869 quam
544 2818 577 2853 an
596 2809 687 2852 auctor
700 2809 771 2852 esset
783 2800 833 2856 sibi
847 2799 945 2853 divinis
956 2800 1035 2854 hono·

124 2866 196 2920 ribus
207 2868 310 2920 colendi
326 2885 406 2922 suum
418 2869 529 2938 regeint
565 2869 622 2922 Hoc
634 2885 740 2938 quoque
753 2870 898 2939 acceptum
908 2869 963 2922 sore
975 2871 1034 2924 Jovi

124 2945 199 2988 vates
212 2938 359 3006 respondet.
396 2937 465 2990 Vera
483 2947 509 2992 et
528 2939 627 2992 salubri
646 2939 831 2992 aestimatione
849 2938 919 2992 fides
936 2941 1034 2994 oraculi

150 3079 279 3171 :Because
290 3083 348 3144 they
359 3085 433 3134 dwelt
444 3086 468 3132 irr
479 3096 552 3142 tants,
565 3089 651 3156 emeat..
745 3155 746 3158 Ἴ
963 3146 967 3158 .

171 3139 310 3202 ‘Dwellrng
320 3157 376 3192 near
387 3144 428 3192 the
440 3145 544 3204 syrtes:
557 3154 683 3194 extensive
694 3145 834 3195 sandbuuks
845 3161 877 3195 on
886 3146 929 3195 the
939 3145 1034 3207 Lrbyan

122 3209 476 3329 copprtqmanymunmin.
575 3325 579 3332 ⁵
674 3324 723 3334 Η
880 3325 910 3336 ..

149 3319 956 3441 ⁴abditi‘illlll{lilebilldissnlikllswdbl‘¹r¹⁸l¹⁵²s¹²⁶p¹⁶¹²y³
984 3323 1032 3373 Μ’

122 3394 255 3548 Figite&
263 3419 654 3564 pppplplsspeappspaideqeppp'uoietne
664 3445 710 3492 citt
716 3419 793 3504 poter,
807 3419 856 3492 dic.

451 3515 457 3547 t
556 3519 572 3549 ι.
