2410 3890
540 275 631 315 arasa
650 273 678 314 v.
1001 254 1057 314 12⁶

86 363 91 385 “
153 393 194 438 est
203 385 220 438 :¹
245 401 323 439 nemo
347 401 362 438 e
385 384 461 438 vobis
483 383 618 436 fastidium
641 382 828 451 Macedonum,
853 395 930 434 nemo
953 380 1056 436 vultum

153 454 298 524 superbum
310 455 377 508 serre
397 463 513 522 cogetur.
549 453 602 505 Sua
620 453 716 521 cuique
736 451 845 504 dextera
863 461 909 503 aut
927 449 1055 506 ultionem

153 533 189 576 tct
209 524 340 577 malorum
360 525 450 594 pariet,
471 531 517 574 aut
537 522 626 574 tinem.
663 520 803 590 Equidem,
820 538 900 590 quarn
919 521 1057 574 versabilis

153 593 255 646 fortuna
268 596 308 663 sit,
321 594 510 646 documentum
532 592 589 662 ipse
609 608 677 644 sum.
713 592 771 644 Nec
789 591 921 643 immerito
938 590 1067 643 mitiores.

153 663 226 716 vices
243 662 302 733 ejus
319 670 439 732 expecto.
476 660 526 713 Sed
543 662 565 712 si
583 660 653 730 justa
665 677 696 712 ac
708 661 752 730 pia
763 659 834 713 bella
845 661 882 712 dii
894 670 1054 730 aversantur,

152 731 263 785 sortibus
276 744 362 785 tamen
374 732 435 785 viris
447 730 539 783 licebit
551 729 660 782 honeste
673 731 747 782 mori.
778 729 827 782 Per
839 746 888 796 ego
900 745 948 780 vos
959 728 1055 782 decora

152 802 302 872 majorum?
319 803 365 871 qui
385 801 464 854 totius
480 801 592 854 Orientis
611 816 690 868 regua
709 816 770 852 cum
791 797 955 852 memorabili
976 798 1055 851 laude

152 877 301 940 tenuerunt,
345 888 374 923 er
399 870 456 922 illos
482 873 559 938 viros,
585 869 684 939 quibua
712 869 871 948 stipendium
896 867 1055 920 Macedonia

152 941 285 1009 quondam
299 889 366 1008 tulit,
379 957 425 1010 per
444 946 480 991 tot
498 939 605 992 navium
627 939 727 992 classes
746 956 771 990 tn
792 937 931 992 Graeciam
951 937 1053 1007 missas,

152 1025 199 1080 per
223 1019 259 1061 tot
277 1019 382 1078 tropaea
400 1024 492 1075 regum
510 1025 554 1061 oro
573 1019 600 1061 et
618 1008 740 1076 obtestor,
759 1017 789 1060 ut
813 1007 949 1061 nobilitate
967 1018 1055 1060 vestra

152 1081 291 1148 gentisque
320 1077 413 1146 dignos
442 1077 557 1146 spiritus⁸
585 1077 702 1146 capiatis,
727 1087 755 1130 ut
784 1078 879 1130 eadem
909 1076 1055 1132 constantia

152 1147 308 1214 animorum,
334 1165 387 1216 qua
412 1150 555 1217 praeterita
579 1147 713 1217 tolerastis,
733 1146 1054 1216 experiamini-quicquid

152 1215 249 1269 deinde
267 1217 320 1269 lora
343 1217 439 1270 tulerit.
476 1218 524 1270 Me
549 1226 621 1269 certe
648 1215 675 1268 iu
700 1226 858 1286 perpetuum
883 1224 929 1268 aut
948 1216 1056 1268 victoria

153 1285 258 1356 egregia
271 1285 423 1355 nobilitabit,
437 1299 482 1339 aut
496 1303 591 1356 pugna.

188 1359 230 1406 26.
249 1355 323 1407 Haec
340 1355 445 1408 dicente
469 1357 560 1425 Dareo,
581 1355 727 1426 praesentis
749 1356 856 1425 periculi
875 1354 980 1423 species
999 1369 1054 1408 cm·

152 1423 225 1477 nium
244 1424 321 1477 simul
340 1427 418 1478 corda
436 1428 590 1496 animosque
606 1425 707 1477 horrore
725 1425 930 1494 perstrinxerat,⁴
941 1441 991 1476 nec
1008 1431 1054 1478 aut

151 1493 292 1548 eonsilium
314 1496 480 1564 suppetebat,
500 1503 545 1548 aut
570 1509 635 1548 vox:
660 1511 721 1548 cum
743 1494 892 1548 Artabazus
910 1494 1054 1547 vetustissi-

151 1565 221 1616 mus⁵
238 1564 390 1634 amicorum,
404 1582 485 1634 quem
503 1565 635 1634 hospitem
653 1563 735 1616 luisse
753 1563 866 1634 Philippi
887 1579 968 1633 saepe
988 1564 1054 1616 dixi·

151 1649 218 1701 mus,
232 1633 288 1686 Nos
300 1633 380 1704 vero,⁶
393 1635 483 1706 inquit,
498 1634 713 1704 pretiosissimam
731 1642 835 1686 vestem
853 1633 946 1686 induti⁷
963 1633 1054 1687 armia-

150 1718 203 1769 que
226 1713 322 1770 quanto
347 1704 462 1756 martimo
492 1705 563 1756 cultu
593 1720 733 1774 possumus
761 1704 888 1774 edomati,
913 1703 1053 1772 regem-iu

149 1773 237 1824 aciem
255 1789 405 1842 sequemur,
419 1791 452 1826 ea
470 1773 576 1842 quidem
599 1783 695 1840 mente,
709 1780 737 1825 ut
750 1773 886 1827 victoriam
907 1789 1052 1843 speremus,

151 1851 263 1893 mortem
292 1857 342 1894 non
375 1859 537 1894 recusemus.
574 1845 694 1895 Assensu
721 1858 851 1912 excepere
876 1845 958 1895 ceteri
985 1842 1054 1896 haue

150 1925 253 1963 vocem.
290 1909 340 1964 Sed
361 1911 539 1978 Nabarzanes,
559 1911 604 1979 qui
629 1911 653 1962 iu
675 1910 770 1964 eodem
790 1911 898 1963 consilio
917 1921 972 1964 erat
991 1927 1054 1965 cum

149 1977 239 2047 Besso,
258 1978 370 2032 inauditi
388 1989 468 2031 autea
487 1979 610 2032 facinoris
630 1980 755 2031 societate
777 1981 846 2048 inita,
866 1997 957 2048 regem
976 1997 1054 2034 suum

149 2063 197 2117 per
217 2047 321 2116 milites,
335 2047 431 2117 quibus
449 2047 528 2101 ambo
545 2056 690 2117 praeerant,
709 2064 767 2101 com
789 2045 933 2102 rehendere
952 2059 979 2102 et
997 2049 1054 2102 vin·

149 2116 203 2168 cire
215 2115 407 2186 decreverant,⁸
418 2133 450 2170 ea
461 2125 560 2184 mente,
573 2127 609 2186 ut,
623 2118 645 2170 si
662 2065 813 2172 Alexander
831 2117 901 2198 ipsos
919 2119 1055 2172 insecutus

149 2183 224 2255 lutet,
238 2185 331 2240 tradito
352 2203 413 2256 rege
434 2187 493 2239 vivo
512 2187 607 2239 inirent
625 2188 738 2256 gratiam
756 2190 870 2258 victoris,
890 2189 978 2257 magni
996 2205 1052 2259 pre·

161 2285 165 2290 ι
177 2325 187 2391 ᾖ
196 2319 277 2391 ‘slhen
287 2318 360 2380 ere'ry
370 2335 415 2368 one
426 2320 470 2368 has
482 2321 567 2382 gained
578 2321 707 2371 freedcmt’
720 2326 784 2373 mati
793 2341 840 2374 non
849 2325 870 2374 is
878 2326 1015 2385 equivalent
1027 2336 1053 2376 to

148 2395 248 2486 wlv'l'he
259 2379 421 2487 {stetistzrhlhllhttl
432 2379 522 2508 ῗεγὲἒο
537 2457 581 2489 uass
589 2459 633 2503 per
646 2444 726 2492 decoro
736 2445 850 2504 ntcjcrura
861 2479 867 2491 .
880 2479 886 2491 .
899 2479 904 2492 .
917 2479 923 2492 .
934 2461 975 2493 oro
982 2454 1004 2493 et
1015 2447 1050 2494 ob-

147 2505 226 2548 testor.
250 2495 396 2566 ,Regardtng
406 2498 454 2569 thre
464 2501 520 2547 ordo
530 2502 656 2557 uerborum,
668 2516 710 2550 see
722 2502 819 2570 Zumpt,
833 2499 909 2554 tres.

175 2556 337 2616 ¹Equrvalent
352 2567 378 2605 to
398 2575 497 2612 casuros,
518 2560 651 2622 ‘courage’
684 2560 823 2622 Regurdrng
843 2561 885 2609 the
906 2561 991 2622 plural,
1009 2577 1051 2614 ses

150 2615 365 2723 osfflltffeffi'effl
373 2615 625 2744 {llamffrh'sffianger
636 2676 682 2725 had
690 2675 756 2726 filled
767 2677 808 2747 the
819 2678 898 2746 minda
908 2679 937 2726 cl
948 2679 979 2726 all
990 2679 1050 2730 with

146 2731 245 2790 alarm3’
263 2743 281 2782 rt
297 2734 343 2782 had
357 2734 477 2794 ‘atrrpped
493 2733 541 2782 cff’
554 2749 627 2794 every
637 2736 707 2784 other
724 2736 821 2796 leelrng.
831 2749 882 2796 Just
901 2753 928 2786 as
945 2753 961 2786 a
978 2738 1050 2800 sbatp

147 2789 211 2838 kntse
223 2807 281 2852 goes
291 2807 350 2840 over
359 2809 373 2841 a
383 2803 443 2848 tres,
455 2793 502 2842 and
512 2793 589 2842 clears
600 2796 617 2841 it
628 2794 657 2842 cl
668 2795 700 2842 all
711 2795 863 2854 superfluous
874 2797 976 2857 bougha.

176 2850 236 2898 ‘See
250 2852 330 2900 Grom.
341 2852 356 2904 l
367 2855 404 2908 97,
417 2863 473 2902 note
486 2857 505 2900 1.
542 2852 614 2900 Vetas
625 2856 714 2902 amhae
725 2854 798 2903 resera
810 2865 851 2902 not
862 2864 887 2902 to
902 2855 945 2904 the
960 2871 1004 2918 age
1020 2857 1048 2906 of

146 2907 187 2956 the
199 2924 262 2966 man,
273 2911 316 2958 but
328 2921 353 2958 tc
363 2910 404 2960 tlte
415 2912 499 2972 length
509 2910 537 2960 ol
543 2911 581 2960 his
589 2913 759 2971 acquaintance
768 2913 827 2962 with
839 2913 879 2962 the
890 2915 965 2966 uther.
993 2916 1048 2966 The

145 2965 192 3015 fact
208 2967 236 3036 cl
248 2969 385 3020 Artabazus
400 2971 490 3032 having
501 2973 676 3034 beeualospas
686 2971 714 3020 cl
727 2971 816 3032 Philip,
829 2984 894 3022 must
910 2974 970 3022 have
987 2977 1049 3024 baeu

145 3027 327 3096 menttouedlby
339 3029 437 3098 Curtius
449 3031 472 3078 in
484 3029 524 3078 the
536 3029 588 3078 first
599 3045 626 3078 or
636 3031 726 3080 second
736 3031 809 3081 book.
841 3031 880 3080 He
895 3044 990 3093 repeats
1006 3033 1047 3084 tlte

144 3091 442 3214 ⁸tlt{⁷¹23lulr¹trirlt⁴1trlgr'rtly
451 3147 511 3216 used
527 3156 553 3196 tc
568 3148 691 3218 introduce
702 3165 716 3197 a
726 3149 802 3256 reply.
817 3209 822 3220 .
833 3149 898 3200 Here
909 3152 1048 3202 Artabazus

143 3202 213 3252 takes
224 3219 240 3253 u
267 3202 309 3252 the
319 3214 449 3253 sentiment
460 3222 484 3254 m
495 3207 535 3255 the
547 3207 685 3256 concluarou
701 3208 729 3257 ol
741 3220 750 3256 t
768 3225 782 3258 e
798 3209 880 3272 kmg’s
890 3211 988 3270 speech,
1001 3211 1048 3261 aad

142 3267 237 3369 “lli
248 3263 739 3377 ,trimattu‘stlttvatt

169 3379 243 3428 ’Tha
255 3379 333 3440 plural
343 3381 402 3429 verb
413 3359 523 3430 does’not
540 3398 611 3444 agree
620 3361 682 3433 'with
699 3363 748 3434 the·
759 3386 924 3447 grammatical
940 3386 1044 3446 subject,

144 3437 307 3498 Nolanam
326 3441 369 3490 but
379 3439 441 3488 lrom
451 3440 491 3489 the
503 3441 663 3492 intervention
677 3444 706 3492 ol
717 3444 759 3494 the
774 3454 904 3499 statement
919 3444 1047 3509 regardiog

140 3495 242 3556 Bassus¹
255 3501 319 3549 cabo
329 3498 351 3548 is
361 3498 491 3549 coucelved
501 3515 528 3550 as
539 3499 580 3550 the
590 3503 696 3563 subiect.
