2264 3880
445 271 537 316 arsen
556 277 598 316 rx.
917 261 973 318 291

68 383 224 438 temeritatis
248 383 370 438 solatium
394 393 523 455 perpetua
542 384 664 438 felicitas.
691 386 762 440 flam
781 385 865 440 CCCC
890 387 975 440 stadia

68 461 255 527 processerant,
268 470 330 506 curn
342 453 531 522 gubernatores
542 471 686 523 agnoscere
698 457 770 525 ipsos
780 473 872 509 auram
885 457 974 528 maris,

68 530 94 576 et
118 521 189 576 haud
236 523 305 576 rocul
324 523 406 576 videri
427 523 478 576 sibi
497 523 634 576 Oceanum
651 523 754 593 abesse,
773 525 890 578 indicant
910 527 974 594 regi.

67 593 165 646 Laetus
195 541 239 644 illd
267 591 363 644 hortari
392 593 511 647 nauticos
539 593 633 665 coepit,
663 594 846 646 incumberent
877 597 974 648 remis:

67 661 163 714 adesse
186 662 268 714 finem
291 661 386 714 laboris
409 661 533 715 omnibus
552 664 620 715 votis
643 663 805 732 expetitum,
828 663 883 732 jam
908 665 975 716 nihil

66 731 164 800 gloriae
188 730 290 799 deesse,
316 731 381 783 nihil
405 732 510 784 obstare
529 731 625 798 virtuti,
647 733 703 784 sine
727 732 780 784 ullo
804 732 898 786 Martis
921 733 974 787 dis·

67 797 185 870 crimine,
199 799 256 852 sine
270 800 396 868 sanguine
409 802 499 855 orbem
513 812 597 853 terrae
609 800 644 853 ab
657 801 790 870 illiscapi3
806 819 840 854 ne
852 809 974 855 naturam

67 871 175 938 quidem
191 869 294 938 longius
305 887 382 940 posse
393 870 553 992 procedere,
570 870 644 922 brevi
656 867 787 938 incognita
799 871 849 923 nisi
867 872 974 924 immor-

67 939 164 992 talibus
176 941 234 992 ess'e
247 939 356 991 visuros.
414 956 496 993 aucus
507 951 598 992 tamen
610 941 713 1009 navigio
725 939 815 992 emisit
834 941 860 992 in
881 941 973 1010 ripam,

67 1008 111 1078 qui
131 1017 249 1079 agrestes
264 1024 345 1076 vagos
362 1010 521 1078 exciperent,
535 1009 660 1078 equibus
676 1011 787 1062 certiora
807 1009 879 1062 nosci
897 1025 975 1078 posse

67 1077 199 1146 sperabat.
234 1076 275 1130 llli
289 1078 395 1130 scrutati
407 1079 496 1131 omnia
507 1079 619 1146 tuguria,
633 1079 742 1130 tandem
754 1078 869 1132 latentes
882 1095 973 1148 reppe-

67 1162 132 1198 rere.
170 1145 221 1205 Qut
233 1147 390 1216 interrogati,
404 1165 485 1217 quam
504 1147 593 1218 procul
605 1147 711 1201 abesset
723 1149 816 1200 maret
835 1149 975 1218 responde-

67 1223 132 1284 runt,
146 1215 250 1268 nullum
267 1216 338 1285 ipsos
350 1233 423 1269 mare
435 1235 468 1270 ne
481 1217 554 1270 sarna
565 1216 673 1286 quidem
685 1217 836 1287 accepisse:
856 1225 974 1270 ceterum

66 1286 147 1337 tertio.
160 1285 204 1337 die
224 1286 354 1354 perveniri
375 1287 502 1354 possead
522 1303 619 1356 aquarn
638 1303 764 1356 amaram,
778 1303 847 1366 quae
860 1303 975 1339 corrum-

66 1362 141 1423 peret
159 1354 275 1408 dulcem.
318 1355 485 1408 Intellectum
505 1364 552 1422 est,
573 1373 646 1409 mare
665 1355 802 1408 destinar1¹
822 1356 857 1409 ab
877 1356 975 1425 ignaris

66 1433 174 1475 naturae
192 1423 259 1493 ejus.
296 1425 387 1493 ltaque
406 1425 504 1494 ingenti
525 1425 661 1478 alacritate
680 1425 778 1478 nautici
799 1426 934 1496 remigant,
948 1424 975 1478 et

66 1494 183 1562 proximo
192 1509 296 1562 quoquc
308 1493 359 1562 die,
373 1510 424 1564 quo
436 1497 542 1565 propius
554 1511 615 1564 spes
627 1493 825 1565 admovebatur,
838 1496 976 1548 crescebat

65 1562 141 1614 ardor
159 1565 314 1616 animorum.
350 1565 439 1617 Tertio
463 1563 517 1634 jam
541 1565 723 1617 die'mixtum
744 1565 847 1617 flumini
871 1565 975 1617 subibat

65 1649 146 1700 mare,
160 1631 213 1684 leni
231 1631 320 1702 adhuc
338 1642 413 1686 aestu
431 1634 610 1687 confundente
627 1633 747 1702 dispares
764 1633 869 1686 undas.²
893 1635 976 1686 ‘Turn

64 1702 145 1754 aliam
167 1701 280 1754 insulem
302 1703 392 1756 medio
411 1706 484 1756 amni
505 1704 581 1757 sitam
601 1703 687 1754 evecti
706 1701 783 1771 paulo
796 1702 899 1768 lentius,
913 1703 976 1772 quia

63 1787 157 1824 cursus
174 1779 250 1824 aestu
269 1771 506 1842 reverberabatur,³
518 1771 652 1842 applicant
671 1771 792 1840 classem,
807 1780 834 1824 et
851 1771 886 1824 ad
904 1789 975 1824 corn·

63 1848 170 1920 meatus
188 1839 317 1910 petendos
328 1841 485 1911 discurrunt,
499 1843 585 1894 securi
598 1857 676 1894 casus
689 1841 753 1911 ejus,
768 1841 812 1911 qui
825 1841 976 1912 supervenit

63 1928 70 1961 r
92 1926 171 1961 nans.
724 1923 725 1928 ’

72 1927 140 2030 ἕ35.
160 1976 249 2029 Tertia
267 1976 351 2030 ferme
370 1978 433 2032 hora
451 1987 515 2049 erat,
528 1987 669 2032 cum‘stata
681 1979 750 2030 vice⁴
763 1979 884 2032 Oceanus
896 1995 974 2030 exae-

64 2056 158 2100 stuans
179 2045 268 2098 invehi
289 2047 375 2116 coepit
395 2057 422 2100 et
447 2059 513 2100 retro
534 2049 634 2102 flumen
654 2065 755 2116 urgere.
791 2047 866 2106 Quod
890 2049 975 2117 primo

63 2117 218 2182 coercitum,
237 2115 333 2168 deinde
352 2116 539 2170 vehementius
558 2117 673 2187 pulsum,
693 2116 791 2186 majore
810 2117 911 2186 impetu
929 2117 975 2169 ad-

64 2200 172 2238 versum
189 2185 324 2254 agebatur,
338 2203 419 2255 quam
438 2187 561 2240 torrentia
579 2187 714 2260 praecipiti
733 2187 809 2239 alveo
822 2188 975 2239 incurrunt.⁵

64 2256 157 2322 Ignota
180 2255 258 2323 vulgo
282 2253 341 2307 freti
365 2245 457 2308 uetula
481 2266 545 2327 erat,
569 2266 738 2326 monstraque
762 2264 789 2308 et
817 2256 870 2308 irae
893 2256 973 2309 deum
1059 2309 1063 2318 ,

63 2324 162 2376 indicia
174 2339 282 2376 cernere
295 2324 460 2378 videbantur.
497 2325 646 2379 Identidem
664 2327 845 2378 intumescens
862 2343 935 2379 mare
948 2333 975 2378 et

64 2395 90 2446 in
101 2410 210 2464 campos
222 2393 299 2461 paulo
311 2403 372 2446 ante
385 2395 470 2448 siccos
481 2396 644 2449 descendere
656 2395 834 2466 superfusum.
860 2397 974 2464 Jamque

63 2463 160 2516 levatis
184 2463 302 2531 navigiis,
326 2472 352 2515 et
376 2473 431 2517 tota
451 2465 536 2518 classe
557 2465 683 2536 dispersa,
702 2465 747 2533 qui
767 2465 879 2534 expositi
901 2475 975 2517 erant

64 2532 182 2602 undique
199 2532 234 2584 ad
253 2549 335 2584 naves
353 2533 447 2600 trepidi
468 2543 495 2586 et
515 2535 655 2603 improviso
676 2534 745 2586 malo
765 2533 869 2586 attoniti
889 2549 974 2586 recur-

63 2612 132 2655 runt.
169 2602 220 2655 Sed
239 2601 265 2652 in
285 2602 398 2655 tumultu
411 2602 544 2656 festinatio
557 2620 661 2672 quoquc
674 2603 748 2654 tarda
760 2610 809 2654 est.
846 2603 878 2654 Hi
890 2604 974 2655 contis

63 2673 170 2740 navigia
187 2671 364 2740 appellebant,
384 2671 411 2722 hi
429 2671 495 2724 dum
512 2688 599 2724 remos
616 2673 698 2740 aptari
717 2670 900 2740 prohibebant,
914 2688 975 2724 con·

63 2740 209 2794 sederant.⁰
244 2739 360 2798 Quidam
380 2742 720 2814 enavigarehproperantes,
740 2739 786 2792 sed
808 2757 858 2792 non
877 2757 974 2810 expec-

94 2876 100 2897 ¹
113 2869 193 2918 ‘That
205 2869 246 2922 the
257 2883 299 2917 ses
310 2883 360 2918 was
371 2869 470 2918 meant!

92 2933 102 2958 ⁹
115 2929 153 2976 ‘A
165 2928 222 2984 tide,
235 2945 262 2978 as
278 2938 319 2989 yet
330 2929 516 3010 wesk‚,mixipg
532 2928 573 2976 the
590 2927 694 2988 unaqual
705 2939 793 2976 wasers
805 2928 918 2989 (namely‚
932 2930 973 2978 the

64 2987 284 3114 wdtdflhhtddusrbb
293 2988 593 3116 aunfdthlbeillabetrdinrpalled
609 3048 642 3106 by
653 3045 694 3094 the
705 3058 799 3095 current
811 3047 838 3096 os
850 3049 891 3095 the
902 3048 973 3104 river)

63 3117 116 3154 was
127 3104 228 3152 resistcd
240 3105 286 3154 and
297 3106 392 3154 thrown
403 3107 465 3155 back
476 3109 508 3168 by
520 3107 561 3155 the
572 3106 621 3154 tide
632 3105 660 3153 cf
667 3106 708 3153 the
719 3109 809 3154 ocean!

94 3169 101 3192 ⁶
115 3163 261 3224 ‘According
270 3174 294 3211 to
303 3165 333 3212 its
342 3165 436 3226 regular
443 3165 552 3235 change)
575 3166 631 3213 The
640 3164 688 3212 tide
695 3165 723 3213 of
730 3167 770 3213 the
780 3165 975 3215 Mediterranean

63 3226 85 3272 is
96 3238 155 3282 very
165 3223 327 3282 unimportant
343 3225 468 3283 compared
480 3226 539 3274 with
556 3225 608 3272 that
623 3223 650 3272 of
663 3224 703 3272 the
720 3241 780 3284 open
796 3241 878 3274 ocean.
910 3225 973 3274 This

62 3283 111 3331 fact
123 3291 236 3330 accounts
248 3282 283 3330 sor
291 3281 332 3330 the
343 3283 518 3332 astonishment
529 3284 575 3332 aud
586 3283 660 3332 alarin
668 3283 696 3332 of
703 3284 744 3332 the
756 3283 936 3340 Macedoniam,
946 3301 973 3333 so

62 3341 155 3398 vividly
164 3339 288 3388 described
299 3342 332 3410 by
344 3339 450 3390 Curtius.

69 3462 74 3473 ι
95 3399 202 3448 ’‘Than
218 3410 343 3471 mountain
358 3411 461 3449 torrente
476 3402 534 3450 rush
551 3401 622 3462 along
637 3401 661 3450 in
677 3402 740 3450 their
750 3411 818 3462 steep
829 3402 944 3450 channels
954 3402 970 3450 ι’

64 3459 320 3579 ²mltf'l'lhbtbhleffldbehyy’
329 3477 497 3568 ddadlddelheir
505 3520 572 3580 ships
581 3530 607 3570 to
617 3520 658 3570 tha
669 3520 734 3570 bank
744 3518 801 3570 with
813 3518 880 3580 poles
891 3526 973 3580 (carsit
