2410 3890
549 257 641 298 traca
662 259 690 300 v.
1018 244 1075 311 m

165 365 267 436 ltaque,
289 365 446 435 Pessimum,
464 365 550 434 inquit
573 367 747 439 mancipium,
762 367 903 439 repperisti
919 375 1075 440 exoptatum

165 437 215 492 tibi
236 444 351 506 tempus,
369 452 421 506 quc
441 404 622 504 parricidiuml
642 437 775 508 aperires!
801 437 945 508 strictoque
965 439 1075 500 acinace

165 506 355 560 interfecturos
363 523 425 558 eum
435 504 596 574 videbatur,²
607 507 634 558 ni
647 523 758 577 propere
770 507 867 561 Bessus
880 508 1074 578 Bactrianique,

165 575 367 646 deprecantium
385 574 484 645 specie,
501 584 630 644 ceterum,
644 577 666 630 sl
684 585 874 646 perseveraret,
887 577 1010 647 vincturi,
1028 578 1075 632 cir·

164 646 374 701 cumetetisseut.
410 644 583 698 Nabarzanes
601 645 707 700 iuterim
725 645 840 715 elapsus,
853 662 916 700 mox
934 654 961 700 et
978 647 1076 702 Bessus

165 723 332 783 consecutus,
345 713 442 783 copiae,
455 713 554 783 quibus
565 723 712 784 praeerant,
725 732 742 769 a
754 723 844 768 cetero
862 715 982 770 exercitu
1000 733 1086 770 secer

164 783 228 841 dere
240 785 341 855 jubent,
355 792 487 836 secretum
500 783 590 837 inituri
603 783 752 838 consilium.
787 783 939 838 Artabazus
950 787 1075 842 conveni·

164 863 256 908 entem
268 853 400 924 praesenti
412 851 534 905 fortunae
546 853 706 908 senteutiam
716 871 799 922 orsus,
813 853 937 922 mitigare
949 855 1073 926 Dareum,

165 932 219 976 tem
257 940 315 976 rum
333 921 479 976 identidem
498 921 653 992 admonens,
667 924 769 994 coepit:
788 923 869 978 senet
887 940 973 993 aequo
984 925 1074 980 animo

164 1010 217 1062 qua
228 993 391 1061 iurucunque
418 1007 524 1046 sucrum
543 993 653 1062 tamen,a
664 993 708 1046 vel
726 992 875 1063 stultitiam,
888 993 933 1046 vel
950 1010 1073 1048 errorem.

164 1061 266 1116 Instare
278 1031 458 1116 Alexandrum
471 1078 589 1130 gravem,
602 1063 708 1116 etiamsi
726 1079 820 1116 omnes
837 1074 942 1132 praesto
959 1073 1049 1118 esseut
1057 1068 1075 1116 :⁴

163 1132 229 1202 quid
242 1131 367 1200 futurum,
381 1133 402 1199 ej
420 1131 552 1201 persecuti
569 1131 663 1201 lugam
673 1131 765 1202 ipsius
780 1132 951 1186 alienentorl
986 1136 1074 1202 Aegre

200 1201 250 1257 ruit
261 1200 400 1270 Artabazo,
414 1209 440 1253 et
458 1217 624 1270 quamquam
642 1217 749 1255 movere
767 1213 854 1256 castra
871 1211 1007 1272 statuerat,
1021 1213 1074 1256 tun

200 1271 236 1323 tie
253 1279 343 1324 tamen
360 1271 479 1324 omnium
500 1270 605 1342 animis,
623 1271 718 1326 eodem
739 1273 764 1325 in
783 1271 842 1326 loco
860 1271 987 1326 substitit.
1021 1272 1072 1326 Sed

163 1340 299 1394 attonitus⁵
322 1341 456 1394 maestitia
485 1339 566 1394 simul
589 1351 616 1394 et
639 1341 826 1411 desperatione
850 1341 1020 1396 tabernaculo
1044 1359 1073 1396 se

164 1409 279 1464 inclusit.
315 1411 384 1479 Ergo
403 1411 429 1464 io
448 1411 548 1480 castris,
567 1427 637 1480 quae
658 1411 758 1466 nullius
777 1411 936 1480 regebantur
953 1412 1073 1481 imperio,

164 1479 233 1533 varii
256 1480 406 1534 animorum
429 1490 517 1534 motos
537 1489 620 1550 erant,
639 1497 689 1534 nec
710 1481 736 1534 in
761 1497 914 1551 commune,
933 1490 963 1534 ot
984 1489 1072 1550 antea,

163 1549 359 1604 consulebatur.
395 1551 457 1604 Dux
467 1551 629 1604 Graecorum
648 1549 766 1604 militum
783 1551 879 1604 Patron
891 1567 966 1604 arma
977 1567 1073 1620 capere

162 1635 226 1674 suos
252 1618 336 1690 jubet,
360 1629 519 1690 paratosque
548 1636 608 1672 esee
636 1619 671 1673 ad
702 1619 892 1699 exequendum
920 1620 1072 1690 imperium.

164 1689 262 1744 l’ersae
281 1699 461 1743 secesserant:
482 1689 579 1742 Bessus
596 1706 658 1744 cunr
677 1689 825 1744 Bactrianis
836 1698 900 1756 erat,
914 1688 1072 1758 temptabat-

161 1776 214 1828 que
233 1760 327 1812 Persas
344 1759 485 1826 abducere,
507 1759 601 1811 Bactra
618 1768 645 1812 et
663 1759 778 1812 intactae
797 1758 911 1827 regionis
928 1757 1074 1828 opulentat

161 1827 296 1898 simulque
320 1845 389 1897 quae
418 1829 589 1881 manentibus
618 1829 746 1881 instarent
775 1828 902 1898 pericula,
926 1834 1071 1880 ostentans.

162 1898 303 1952 Persarum
325 1898 446 1950 omnium
469 1897 566 1950 eadem
586 1896 643 1950 lere
664 1896 714 1950 tuit
733 1913 792 1964 vox,
811 1896 888 1950 nasas
906 1913 967 1950 esse
984 1895 1073 1950 deseri

162 1983 263 2036 regem.
299 1967 371 2019 Inter
384 1966 451 2018 haec
463 1966 611 2019 Artabazus
622 1965 746 2018 omnibus
758 1965 934 2034 imperatoriis
945 1964 1073 2033 fungeba-

161 2045 203 2088 tur
220 2035 332 2088 officiis:
359 2035 415 2088 ille⁷
434 2035 575 2088 Persarum
599 2034 771 2088 tabernacula
794 2035 941 2104 circumire,
966 2033 1071 2104 hortari,

161 2121 271 2158 monere
294 2121 365 2157 nunc
388 2104 513 2174 singulos,
538 2121 608 2157 nunc
631 2104 776 2174 universos,
801 2119 853 2156 non
876 2112 939 2156 ante
962 2103 1071 2176 destitit,

160 2191 243 2244 quarn
256 2174 320 2226 satie
331 2183 462 2228 constaret
473 2175 739 2244 imperata-tacturos.
776 2172 852 2228 Idem
864 2189 945 2244 aegre
956 2189 974 2226 a
985 2173 1072 2229 Dareo

161 2245 319 2313 impetravit,
334 2253 362 2296 ut
374 2245 463 2298 cibum
476 2254 591 2315 caperet,
604 2245 779 2314 animumque
792 2243 872 2298 rebus
884 2243 1045 2298 adverteret.

197 2319 238 2367 28.
257 2317 293 2368 At
304 2314 403 2368 Bessus
415 2325 441 2368 et
453 2313 633 2384 Nabarzanes,
646 2314 709 2368 olim
721 2313 851 2382 agitatum
868 2312 957 2368 scelus
974 2313 1072 2384 exequi

160 2392 288 2450 statuunt,
310 2384 384 2454 regni
403 2383 550 2454 cupiditate
572 2386 695 2437 accensi:
723 2385 809 2437 Dareo
828 2392 920 2436 autern
943 2383 1071 2436 incolumi

160 2463 248 2508 tantas
264 2469 330 2524 opes
348 2471 454 2525 sperare
471 2471 523 2508 non
543 2463 671 2526 poterant.
708 2452 813 2523 Quippe
832 2453 860 2505 in
879 2452 931 2506 illie
948 2451 1073 2522 gentibue

160 2541 254 2592 regum
271 2524 370 2578 eximia
387 2522 516 2594 majestas
533 2536 589 2577 est:
609 2521 643 2576 ad
656 2539 753 2576 nornen
765 2522 882 2592 quoque⁸
894 2521 999 2576 barbari
1010 2537 1070 2575 oon-

189 2688 196 2712 ¹
209 2687 215 2709 ⁶
225 2681 351 2730 Treason.'
378 2679 434 2730 'l'he
443 2679 511 2742 king,
521 2681 649 2742 according
659 2690 684 2730 tc
696 2661 791 2730 Romen
801 2697 886 2743 usage,
896 2682 956 2732 cells
965 2699 979 2731 e
987 2683 1071 2748 derigo

61 2775 68 2794 ι.
158 2742 253 2803 against
262 2741 300 2790 hie
311 2741 395 2789 sacred
406 2755 495 2800 person
505 2741 652 2801 ‘parricide’

187 2805 197 2830 ¹
209 2801 261 2848 ‘He
270 2800 350 2848 would
359 2800 420 2848 heve
429 2799 505 2848 killed
514 2800 564 2848 him
582 2801 599 2849 it
609 2799 744 2859 appeared!
770 2799 818 2848 See
829 2800 909 2849 Gracc.
917 2800 932 2853 l
940 2803 993 2858 2⁴6,
1005 2812 1070 2852 note.

187 2864 196 2888 ³
209 2859 278 2908 ‘The
293 2859 352 2919 folly
362 2875 390 2928 or
399 2875 465 2930 error
475 2859 504 2930 οξ
515 2874 579 2915 men,
593 2859 657 2916 who,
671 2858 797 2908 whatever
806 2859 870 2908 their
879 2860 992 2918 conduct,
1005 2869 1070 2912 were

159 2917 324 2967 nevertheless
336 2919 386 2967 still
396 2919 435 2969 his
446 2919 571 2980 subyecte.'

188 2975 307 3026 ‘Praesto
317 2995 377 3034 scm,
392 2979 420 3027 ⁴1
431 2994 470 3028 em
481 2980 598 3039 preseot‚’
610 2977 739 3035 therefore,
754 2977 842 3038 ‘ready
852 2987 878 3028 to
888 2978 962 3040 belp.'
995 2980 1069 3031 Gom-

159 3035 416 3154 pallggril'gnligiv’ril
429 3111 456 3146 cr
469 3099 557 3166 ‘borne
567 3096 658 3154 dcun,'
672 3096 809 3203 erpuindent
825 3104 851 3145 tc
863 3100 1000 3159 perculsas:
1018 3099 1070 3149 aeid

159 3153 1068 3279 ”ttr‘lttltlttttltttt”trattthttttttttttlttla.

158 3228 361 3341 ractceqregr'onr'e.
393 3273 447 3322 The
463 3285 548 3322 neuter
559 3233 639 3334 ilurel
655 3275 675 3323 ie
686 3233 745 3336 werp
755 3251 894 3337 commonly
904 3276 966 3328 used
981 3277 1006 3324 in
1021 3275 1069 3325 thie

157 3333 751 3454 *utrqqrvgngfflfftugiam„

178 3455 195 3520 Ι·
208 3453 252 3501 ‘At
264 3450 306 3499 the
317 3465 376 3512 very
386 3465 457 3499 name
468 3451 496 3500 cl
508 3451 567 3512 king
575 3453 591 3509 ;’
605 3453 657 3503 thet
668 3453 698 3510 is,
712 3467 810 3504 assoon
821 3468 849 3503 as
859 3453 878 3502 it
889 3453 910 3502 is
920 3453 981 3512 said,
997 3452 1067 3504 “rte

158 3509 217 3572 king
227 3509 369 3560 commende
379 3510 415 3560 ir)
489 3531 491 3536 ·
