2410 3890
138 219 195 278 llo
398 231 437 272 ua
460 229 567 275 nassis
587 229 774 272 euxinum.

136 343 232 398 Bactra
241 347 303 396 erint
313 339 402 396 uubis:
415 339 571 410 spescmnis
582 338 609 392 in
621 345 656 407 te,
668 337 770 392 utinam
782 345 810 392 et
821 336 848 392 iu
859 337 1042 392 ceterisesset.

136 413 216 480 Plura
232 409 286 464 dici
303 419 348 464 not
365 409 477 466 attiriet.¹
512 407 664 462 Custodiam
683 406 796 476 corporis
816 407 854 460 tui
873 415 998 460 externus
1016 415 1044 460 et

136 481 287 549 alienigena
295 475 806 548 nondepoeeerem,sicrederemalium
814 493 891 546 posse
901 484 1042 546 praestare.

171 555 214 604 ³1.
238 549 341 618 Bessus,
359 563 522 618 quamquam
540 555 596 600 erat
613 546 709 598 Graeci
727 545 856 599 sermonis
874 545 988 615 ignarus,
1007 554 1044 598 ta·

137 638 207 689 rues,
232 618 384 672 stimulante
413 616 582 685 conscientia,
604 614 731 668 indicium
760 614 875 684 profecto
904 615 1049 672 Patronem

137 689 265 744 detulisse
293 687 434 742 credebat:
463 694 491 739 et
513 683 664 754 interpretis
687 683 767 738 relato
791 700 911 738 eerrncne
940 685 1045 737 Graeci²

137 767 262 828 exempta
284 757 412 812 dubitatio
435 762 484 808 est.
527 754 630 806 Dareus
651 761 750 823 autern,
769 762 899 823 quantum
919 769 953 808 ex
970 753 1045 806 vultu

137 828 239 898 concipi
270 835 381 897 poterat,
411 823 483 879 haud
515 839 579 876 eane
612 822 725 894 territus,
775 823 901 876 ercontari
933 823 1046 876 Patrona

137 913 247 952 causam
264 895 375 962 consilii,
393 893 464 965 quod
481 891 595 960 afferret,
614 891 708 1014 coepit.
745 840 794 946 Ille
813 909 863 946 non
883 890 951 945 ultra
968 891 1045 946 diffe-

138 967 250 1022 rendum
262 974 341 1034 ratus,
357 965 461 1032 Bessus,
475 962 567 1035 inquit,
582 969 609 1013 et
627 962 670 1014 Na
689 978 799 1016 arzaues
817 961 972 1014 insidiantur
990 961 1043 1030 tibi,

137 1037 164 1090 in
175 1036 269 1090 ultimo
280 1033 431 1088 discrimine
449 1039 476 1086 et
494 1031 613 1084 fortunae
628 1037 689 1084 tuae
702 1039 729 1083 et
741 1031 834 1083 vitae.⁸
867 1029 918 1083 Hic
929 1030 987 1084 dies
998 1039 1045 1084 aut

137 1105 273 1176 parricidis
289 1112 336 1157 eut
356 1102 402 1158 tibi
420 1101 523 1155 futurus
534 1099 651 1159 ultimus.
689 1099 723 1154 Et
741 1100 835 1154 Patron
850 1100 959 1170 quidem
972 1116 1045 1168 egre·

137 1175 209 1244 giam
232 1171 380 1228 conservati
403 1171 472 1240 regis
493 1169 605 1239 gloriam
628 1167 732 1222 tulerat.
776 1169 891 1224 Eludant
910 1167 1045 1239 videlicet,

137 1244 236 1314 quibus
256 1241 322 1296 forte
342 1250 444 1294 temere
466 1239 585 1294 bumana
604 1238 711 1308 negotia
729 1237 800 1292 volvi
819 1239 916 1308 agique
939 1255 1046 1309 persua·

138 1329 198 1366 suin
210 1321 265 1364 est:
284 1311 409 1432 equidem
426 1317 534 1362 aeterna
551 1307 735 1362 constitutione
750 1307 908 1364 crediderim
921 1323 1046 1378 nexuque

138 1397 278 1436 causarum
316 1381 454 1448 utentium,
477 1395 513 1432 ex
537 1377 620 1432 inulto
649 1385 712 1430 ente
741 1376 941 1447 destinatarum,
968 1394 1045 1430 suum

137 1467 272 1520 quemque
301 1448 420 1504 ordinem
448 1447 607 1502 immutabili
636 1445 697 1514 lege
725 1448 897 1516 percurrere.⁴
944 1447 1046 1500 Dareus

138 1527 211 1573 certe
234 1517 375 1589 respondit,
397 1534 561 1587 quamquam
584 1515 635 1570 sibi
658 1515 821 1570 Graecorum
844 1514 960 1570 militurn
979 1514 1047 1570 fides

138 1597 200 1642 notu
223 1589 263 1658 sit,
283 1604 420 1657 nunquam
442 1595 533 1640 tamen
554 1603 571 1639 a
595 1582 765 1656 popularibus
787 1585 843 1639 auis
863 1585 1048 1638 recessurum.⁵

139 1657 280 1712 Difficilius
298 1657 350 1712 sibi
369 1673 428 1710 esse
447 1656 575 1710 damnare
604 1671 686 1724 quarn
708 1653 805 1724 decipi.
840 1654 907 1714 Quic
927 1654 972 1708 uid
995 1653 1048 1708 sors

139 1726 250 1798 tulisset,
262 1728 330 1781 inter
341 1743 403 1780 sues
413 1723 515 1796 perpeti
532 1695 621 1804 malle,
634 1741 714 1794 quam
733 1723 894 1794 transfugam
908 1672 978 1778 ieri.
1014 1721 1047 1776 Se

139 1797 224 1866 perire
243 1795 320 1866 sero,⁸
331 1796 353 1850 si
366 1795 470 1848 salvum
487 1810 548 1848 esse
565 1793 665 1848 milites
682 1793 724 1846 sui
743 1793 850 1848 nollent.
886 1793 989 1862 Patron,
1002 1792 1047 1846 de-

139 1875 245 1990 1siperata
256 1866 326 1947 regis
337 1863 430 1934 salute,
443 1861 479 1917 ad
490 1879 537 1916 eos
548 1863 644 1934 quibus
655 1872 785 1934 praeerat,
799 1862 882 1932 rediit,
896 1862 986 1916 ornnia
1002 1877 1048 1932 pio

98 1989 102 1998 ,
158 1936 192 1989 de
203 1935 317 2006 experiri
329 1942 446 2005 paratus.

174 2010 215 2058 32.
234 2009 269 2060 At
281 2005 379 2060 Bessus
395 2001 535 2058 occidendi
571 2002 679 2056 rotinus⁷
696 2001 767 2072 regis
784 2001 912 2071 impeturn
932 2008 1047 2070 ceperat.

140 2073 192 2128 Sed
212 2075 319 2145 veritus,
339 2090 374 2128 ne
391 2074 505 2142 gratiam
524 2019 676 2142 Alisaudri,
697 2071 748 2126 nisi
768 2071 862 2125 vivum
885 2087 947 2124 euni
972 2067 1049 2122 tradi-

140 2142 231 2210 disset,
245 2143 312 2196 inire
329 2159 381 2195 non
398 2149 495 2212 posset,
508 2140 589 2194 dilato
607 2141 633 2194 in
652 2141 798 2209 proximam
816 2149 923 2194 noctem
941 2138 1050 2192 sceleris

140 2212 256 2280 consilio,
271 2228 351 2280 agere
367 2210 467 2279 gratias
483 2208 582 2289 incipit,
601 2209 672 2278 qnod
689 2209 783 2280 perfidi
800 2209 914 2264 hominis
931 2207 1049 2278 insidias,

139 2280 196 2350 jam
212 2279 356 2334 Alexandri
373 2296 438 2359 epea
455 2287 605 2348 spectantis,
621 2278 765 2348 prudenter
782 2287 860 2333 caute
879 2295 913 2332 ue
930 2277 1049 2330 vitasset.

141 2351 245 2403 Donum
257 2367 320 2402 euin
332 2348 402 2402 hosti
418 2347 532 2400 latunim
550 2345 632 2401 fuisse
648 2364 727 2416 regns
745 2356 833 2417 ceput.
895 2365 927 2400 ec
943 2346 1051 2414 mirari,⁸

170 2457 178 2479 ¹
191 2449 228 2498 ‘It
240 2450 260 2498 is
271 2463 433 2509 annecessnry
441 2447 478 2517 ¹lor
485 2463 552 2496 inore
563 2457 587 2496 to
598 2449 628 2496 be
640 2445 709 2516 said!
738 2447 829 2496 Patron
839 2448 928 2498 breaks
938 2447 976 2497 off
982 2449 1048 2505 bere,

141 2511 245 2560 besam
255 2509 286 2558 be
297 2509 356 2558 does
364 2517 406 2558 not
415 2506 477 2556 wnti
485 2515 511 2556 to
519 2508 620 2556 become
628 2522 659 2556 an
669 2506 791 2565 informer,
801 2507 903 2556 without
912 2523 942 2558 au
950 2523 1050 2568 express
1099 2565 1104 2575 Ι

141 2567 322 2699 Ἥῗῐῐὲἁιιψο
333 2625 501 2676 conversation
511 2625 539 2674 os
544 2624 584 2695 the
597 2625 679 2674 Greek
690 2625 739 2696 inte
768 2636 832 2677 ieter
842 2642 893 2674 wes
903 2625 1014 2686 reported
1025 2635 1051 2674 to

141 2687 209 2736 him!
241 2686 304 2736 This
315 2696 379 2736 must
391 2685 453 2792 reslelr
461 2694 486 2754 ῑρ
494 2683 538 2793 lile
547 2683 659 2792 {iggirrgue
671 2700 745 2782 earne
773 2700 805 2734 on
815 2687 927 2734 between
938 2683 1050 2736 Bubaces

141 2745 569 2912 mlllitlllislhfigllirllpiiulitlilplie.
612 2780 618 2792 ι
939 2861 944 2872 ,
981 2862 987 2873 .

157 2869 180 2932 Ι*
192 2869 198 2890 ·
208 2863 291 2912 Tbose
302 2879 325 2911 w
343 2879 358 2913 o
369 2864 400 2912 ho
410 2861 426 2911 d
437 2861 478 2910 the
489 2877 585 2922 opinion
592 2861 643 2909 that
650 2860 691 2910 tbe
698 2876 782 2910 course
793 2861 821 2910 os
828 2861 918 2910 human
929 2859 968 2910 lise
980 2877 1000 2910 is
1011 2876 1050 2910 ac·

142 2919 1055 3086 tdftttlttllt‘tttlttlumlttttlttltttttlllttltt‘ttnlgst-

142 3041 171 3108 ab
183 3055 196 3086 e
208 3039 263 3096 law,
276 3039 403 3100 according
413 3049 438 3086 tc
454 3053 484 3086 an
500 3037 592 3085 eternal
606 3037 700 3119 deorse,
714 3039 786 3107 ande
795 3040 1007 3108 mysterionsliveb
1023 3037 1050 3086 ol

138 3095 506 3229 lillilffbll'rffiiisln
532 3095 1052 3224 *stittuild’tttlttttft'ttt?tlt

130 3216 228 3277 phrase
239 3219 302 3264 uoles
309 3231 395 3278 agique
404 3229 425 3262 is
432 3214 510 3284 ‚telien
520 3212 581 3262 from
592 3213 633 3261 the
643 3224 735 3264 motion
744 3214 772 3262 ol
779 3215 821 3263 the
831 3214 951 3275 heavenly
960 3214 1052 3264 bodies.

171 3283 180 3308 ⁸
191 3275 241 3324 Out
252 3275 281 3325 os
292 3275 332 3323 the
343 3273 472 3335 preceding
483 3274 527 3321 silli
537 3271 624 3332 supply
634 3289 666 3321 se.

170 3340 178 3365 ¹
191 3335 261 3384 “1¹00
272 3334 320 3404 lats
328 3334 344 3392 ;’
357 3332 410 3401 that
421 3332 451 3387 is,
463 3331 514 3400 tliet
526 3331 557 3379 lie
568 3331 647 3380 would
658 3332 720 3380 hare
731 3331 795 3382 lived
805 3341 846 3382 too
856 3333 920 3395 long.
974 3391 979 3402 Ι

142 3389 1052 3508 nl‘lttlrlttl'rittltlttllml‘ttttfl'³⁹⁰⁸“mmet

171 3515 179 3540 ¹
191 3512 283 3576 supply
293 3531 326 3563 es.
353 3511 408 3562 The
418 3485 534 3559 omiiaion
542 3508 571 3556 ol
577 3509 619 3559 the
627 3485 750 3560 isilectire
758 3525 867 3571 pronoun
875 3509 956 3560 before
965 3508 1007 3560 tbe
1015 3508 1051 3559 iti·
