2314 3886
141 245 197 302 teu
407 259 446 298 un
470 257 577 320 essars
599 255 781 298 ausxsunar.

137 371 202 441 quia
218 368 264 422 illa
288 376 394 438 propter
411 366 481 420 hauc
506 383 616 421 causam
642 364 762 419 irascitur
786 363 870 433 nobis,
889 370 918 416 tu
939 362 1059 432 mitiges

137 447 259 506 matrem,
274 438 320 507 qui
333 440 387 490 irae
400 435 459 506 ejus
470 453 518 490 nos
529 435 655 488 obtulisti.

173 513 198 560 6.
218 509 288 560 Dum
309 507 377 560 haec
389 510 521 576 Amyntas
540 505 604 574 ugit,
617 504 683 556 forte
704 510 919 573 supervenerunt,
932 501 979 570 qui
998 499 1055 552 fra-

138 587 207 630 trem
225 577 284 646 ejus
302 577 483 645 Polemonem,
502 575 536 628 de
556 591 607 643 quo
634 583 696 626 ante
721 581 761 626 est
779 573 882 626 dictum
901 571 1054 638 fugientem

138 648 274 704 consecuti
298 647 417 700 vinctum
441 644 613 697 reducebant.
650 643 750 696 lnfesta
768 642 854 695 contio
871 640 917 694 rix
936 639 1054 692 inhiberi

137 717 229 796 potuit,
244 717 306 785 quin
320 716 439 786 protinus
451 731 498 766 suo
517 729 590 766 more
609 730 673 766 saxa
690 713 719 764 in
736 728 798 764 eum
815 710 924 780 jaceret.
960 713 1054 778 Atque

137 785 183 839 rllc
196 803 259 838 sane
280 787 419 853 interritus,
433 783 516 852 Nihil,
531 783 624 852 inquit,
639 799 684 852 pro
703 797 748 834 me
767 781 902 902 deplrecor,
916 779 994 832 modo
1017 795 1056 830 ne

137 855 247 908 fratrum
262 855 428 908 innocentiae
449 852 514 921 fuga
532 851 677 920 imputetur
695 867 766 904 mea,
826 867 876 902 aec
896 849 919 902 si
939 847 1053 900 defendi

138 941 188 978 non
207 933 301 994 potest,
322 941 413 977 meum
433 923 535 974 crimen
554 923 596 973 sit.
631 923 731 974 Horum
750 920 784 974 ob
803 919 831 972 id
850 919 938 990 ipsum
956 917 1058 970 melior.

138 1003 178 1046 cst
196 1011 284 1062 causa,
300 994 371 1062 quod
389 1008 446 1061 ego,
466 992 509 1060 qni
530 991 640 1060 profugi,
660 998 802 1060 suspectus
818 1006 886 1042 sum.
922 989 968 1041 Αῑι
982 986 1056 1040 haec

138 1063 242 1117 elocuto
254 1063 379 1116 universa
396 1060 483 1114 contio
503 1076 613 1113 assensa
632 1069 687 1113 est:
706 1061 833 1112 lacrimae
851 1058 948 1111 deinde
966 1058 1053 1109 omni-

137 1132 189 1186 bus
201 1149 309 1185 manare
324 1138 475 1201 coeperunt,
489 1129 557 1183 aden
578 1131 603 1182 in
624 1131 784 1183 contrarium
804 1137 912 1198 repente
931 1127 1051 1180 mutatis.

138 1210 167 1254 ut
186 1201 270 1253 solum
284 1216 329 1270 pro
342 1217 374 1253 eo
387 1208 466 1269 esset,
479 1199 550 1268 quod
569 1201 687 1252 maxime
706 1198 828 1251 laeserat.
864 1197 975 1251 Juvenis
993 1207 1054 1249 erat

158 1271 223 1323 rimo
235 1270 332 1322 aetatis
343 1271 407 1322 flore
425 1269 687 1339 pubescene,¹quem
701 1269 768 1321 inter
786 1267 893 1336 equites
913 1267 1056 1320 tormentis

138 1287 258 1393 latratas
282 1339 452 1392 conturbatos
475 1338 580 1391 alienus
609 1339 700 1391 terror³
722 1337 883 1390 abstulerat:
914 1336 1052 1389 desertum

138 1423 201 1461 eum
214 1425 231 1460 a
243 1407 393 1478 comitibus,
403 1415 430 1459 et
442 1406 621 1460 haesitantem
634 1409 701 1460 inter
713 1406 864 1460 revertendi
876 1404 1053 1474 fugiendique

138 1477 277 1530 consilium
290 1477 337 1546 qui
349 1477 433 1529 secuti
446 1485 520 1528 erant
532 1487 737 1546 occupaverunt.
753 1513 754 1516 κ
773 1477 800 1529 ls
817 1484 874 1528 tum
887 1477 951 1528 flere
963 1475 1052 1544 coepit

138 1555 166 1598 et
189 1562 219 1597 os
245 1563 324 1600 suum
348 1546 544 1615 converberata,
567 1555 687 1600 maestus
706 1563 758 1600 non
777 1562 855 1598 suam
874 1545 982 1613 vicem,⁴
1002 1545 1052 1598 sed

138 1625 246 1685 propter
274 1617 362 1686 ipsum
392 1615 600 1686 periclitantium
629 1617 747 1668 fratrum.
791 1615 967 1683 Moveratque
994 1613 1051 1681 jam

138 1701 166 1738 re
185 1703 230 1741 em
242 1703 356 1766 quoque,
370 1703 420 1738 non
434 1686 584 1738 contionem
597 1685 683 1754 modo,
697 1685 745 1738 sed
763 1701 832 1738 unus
852 1693 909 1736 crat
925 1683 1053 1753 implaca-

138 1703 200 1807 cifis
210 1755 298 1826 frater,
311 1773 357 1824 qur
370 1755 480 1808 terribili
492 1754 566 1807 vultu
579 1755 685 1808 intuens
696 1771 768 1822 eum,
781 1755 859 1822 Tum,
872 1754 916 1822 ait,
930 1752 1052 1822 demens,

137 1823 276 1878 lacrimare
288 1825 428 1895 debueras,
441 1840 503 1877 cnm
517 1841 586 1894 equo
599 1824 712 1877 calcaria
726 1823 862 1891 subderes,
876 1822 987 1879 fratrum
1003 1823 1053 1874 de-

138 1904 221 1947 sertor
237 1903 263 1947 et
278 1895 443 1948 desertorum
459 1909 558 1948 comes.
595 1895 688 1962 Miser,
701 1909 754 1963 quo
772 1902 800 1946 et
817 1891 889 1946 unde
907 1891 1054 1960 fugiebant

138 1963 267 2033 Effecisti,
281 1974 309 2017 nt
329 1982 390 2018 reus
401 1964 497 2034 capitis
514 1965 677 2017 accusatoris
687 1971 776 2016 uterer
787 1962 885 2015 verbis.
922 1962 977 2031 llle,
990 1977 1053 2030 pec·

137 2048 213 2086 casse
233 2050 270 2100 se,
289 2034 337 2087 sed
356 2035 463 2103 gravius
477 2034 504 2086 in
519 2032 620 2102 fratres,
640 2050 720 2102 quam
738 2033 765 2084 in
784 2033 966 2101 semetipsum,
986 2031 1055 2084 fate·

137 2101 222 2155 batur.
258 2103 329 2156 Turn
352 2119 415 2156 vero
439 2119 525 2171 neque
549 2102 673 2171 lacrimis,
697 2117 784 2171 neque
808 2101 1053 2169 acclamationibus,

137 2171 235 2292 unibus
268 2173 354 2224 studia
389 2188 438 2224 sua
472 2171 612 2224 multitudo
647 2172 788 2242 profitetur,
819 2173 1056 2240 temperaverunt.⁶

163 2257 198 2292 na
209 2257 260 2293 vox
272 2250 328 2293 erat
345 2241 403 2310 pari
414 2240 513 2293 emissa
530 2255 668 2310 consensu,
683 2249 712 2294 ut
730 2241 877 2294 insontibus
895 2249 922 2293 at
940 2240 1054 2294 fortibus

138 2309 200 2362 viris
213 2317 339 2379 parceret.
376 2309 464 2362 Amici
482 2326 595 2380 quoque,
609 2309 672 2362 data
689 2309 886 2364 misericordiae
904 2310 1052 2380 occasione,

138 2388 306 2446 consurgunt,
337 2379 486 2447 flentesque
515 2395 606 2446 regem
636 2380 818 2450 deprecantur.
865 2379 914 2432 Ille
949 2380 1054 2432 silentio

138 2446 215 2517 facto,
238 2449 271 2501 Et
293 2448 369 2518 ipsc,⁰
389 2448 480 2518 inquit,
502 2451 649 2518 Amyntam
670 2467 731 2504 mea
752 2451 885 2502 sententia
904 2449 1053 2518 fratresque

138 2516 197 2586 ejus
214 2517 331 2570 absolve.
368 2519 421 2570 Vos
438 2529 537 2588 autam,
549 2517 669 2589 juvenes,
682 2519 753 2572 malo
772 2519 895 2572 beneficii
914 2519 969 2572 mei
986 2519 1054 2573 obli·

137 2587 210 2656 visoi,
224 2605 304 2657 quam
318 2587 428 2657 periculi
439 2588 520 2640 vestri
533 2589 697 2642 meminisse.
734 2589 837 2643 Eadem
856 2589 909 2642 fide
922 2589 1006 2641 redite
1025 2589 1053 2642 iu

136 2658 249 2725 gratiam
272 2675 388 2728 mecum,
413 2673 465 2726 qua
488 2658 545 2727 ipse
569 2659 708 2712 vobiscum
732 2667 855 2711 revertor.
899 2658 958 2711 Nisi
980 2675 1053 2727 quae

136 2726 226 2780 delata
238 2737 328 2780 essent
346 2727 545 2796 excussissem,⁷
556 2727 635 2780 valde
653 2728 829 2782 dissimulatio
847 2743 909 2780 mea
926 2736 1054 2796 suspecta

137 2812 196 2848 aesc
208 2798 346 2866 potuisset.
383 2795 435 2850 Sed
447 2799 531 2849 satius
543 2806 582 2849 est
595 2806 719 2866 purgatos
731 2815 799 2868 esee,
809 2814 891 2866 quam
903 2805 1051 2865 suspectus.

136 2865 263 2935 Cogitate,
284 2867 421 2920 neminem
440 2866 542 2919 absolvi
566 2883 651 2936 posse,
672 2867 722 2919 nisi
744 2867 790 2936 qui
813 2865 907 2920 dixerit
930 2883 1052 2920 causam.

165 3027 172 3050 ¹
183 3020 266 3077 ‘But,’
280 3031 305 3068 to
316 3021 419 3070 indicate
430 3021 472 3068 the
484 3031 595 3080 contrary
606 3021 690 3070 result.

164 3080 316 3140 '‘Entering
332 3095 397 3139 upon
413 3080 559 3136 manhood3'
573 3080 687 3140 literally,
703 3085 763 3128 ‘oua
780 3079 863 3128 whose
879 3079 953 3128 beurd
969 3079 990 3128 is
1005 3081 1051 3129 be·

135 3141 235 3202 ginning
247 3147 271 3186 to
282 3140 366 3199 grow.'

164 3211 325 3272 ³Equivalent
337 3221 362 3258 to
374 3220 450 3259 terror
459 3213 569 3267 aliorum,
585 3211 640 3259 ‘the
652 3221 729 3260 terror
739 3211 782 3259 felt
794 3213 828 3272 by
838 3210 939 3262 others!
966 3271 968 3276 Ι

163 3281 321 3344 ⁴Regarding
332 3281 381 3330 this
393 3283 540 3339 accusative,
552 3297 592 3332 see
605 3281 704 3342 Zumpt,
718 3281 794 3334 tica.

164 3355 283 3406 ⁵1⁸¹orthc
294 3354 495 3402 constructiones
507 3364 614 3417 temporo,
627 3369 668 3404 see
682 3355 762 3404 Graan.
774 3355 851 3412 1264,
864 3363 921 3402 note
930 3357 953 3402 2.

161 3439 171 3462 ⁶
183 3430 329 3492 Equivaleut
341 3439 366 3477 to
377 3431 427 3490 ipae
437 3445 534 3490 quoquc.

163 3509 171 3530 ³
184 3503 333 3553 ‘Examiued
345 3501 404 3551 iuto'
418 3515 445 3550 or
457 3500 549 3549 ‘tried’
627 3515 628 3523 ¹
