2264 3880
141 185 201 242 Μ
406 200 445 240 ou
469 199 575 242 scaris
596 199 779 242 eustanum.

141 309 168 362 in
180 315 340 362 mutantes.
376 307 520 379 Stupebant
536 308 678 378 improviso
695 307 765 360 malo
782 306 916 375 pedites3
936 305 1051 375 naudus

141 378 168 432 in
187 379 242 446 ipso
259 377 395 446 Meleagro
413 387 469 432 erat
486 386 532 432 aut
549 377 661 446 consilii,
679 386 724 430 aut
741 376 835 429 animi.
875 376 1049 428 Tutissimum

141 463 175 500 ex
193 447 377 514 praesenribus
396 445 540 516 videbatur,
558 458 698 516 expectare
717 447 809 516 potius,
830 461 922 514 quam
941 446 1049 498 irrorare¹

140 515 279 569 fortunam.
315 516 384 568 Tum
408 516 541 584 Perdicca,
567 524 594 568 ut
619 523 750 585 torpentes
771 522 798 567 et
821 515 964 568 obnoxios
986 514 1048 582 vidit,

141 584 203 636 CCC
227 583 282 637 lere
310 585 356 654 qui
378 583 547 652 Meleagrum
569 587 752 654 erumpentem
771 600 807 636 ex
825 585 969 652 contione,
990 599 1048 652 qtae

140 652 226 722 prima
248 624 338 708 habita
360 663 400 706 est
424 663 480 722 post
505 662 617 706 mortem
641 653 792 720 Alexandri,
814 653 909 704 secuti
936 662 1048 721 ereata

140 722 236 776 ceteris
247 723 379 791 discretos,
393 722 434 774 ele
454 723 541 776 hantis
552 724 577 775 in
590 732 733 791 conspeetu
751 722 833 776 totius
851 723 998 776 exercitus
1012 721 1048 774 ob

139 789 212 914 {igin
232 808 376 862 omnesque
396 740 535 845 belluarum
556 791 669 861 pedibus
687 791 774 844 obtriti
796 800 868 858 sunt,
891 808 950 844 neo
970 791 1049 860 prohi-

177 869 221 914 nte
234 861 363 931 Philippo,
374 877 425 914 uec
442 870 564 915 auctore:
583 860 786 929 apparebatque,
800 859 826 912 id
847 860 935 912 ruodo
947 877 997 930 ,pro
1008 875 1049 912 suo

140 929 341 998 vindicaturum,
355 929 424 998 quod
435 929 605 998 approbasset
618 940 737 982 eventus.
773 929 829 982 Hoc
839 927 983 982 bellorum
994 931 1049 981 ciri·

141 997 206 1054 lium
225 999 418 1054 Macedonibus
437 1006 464 1050 et
482 1015 559 1052 omen
581 1006 608 1050 et
629 998 784 1067 principium
801 991 862 1050 suit·
901 999 1049 1067 Meleager,

141 1083 200 1120 sero
212 1069 345 1120 intellecta
357 1066 449 1121 fraude
461 1067 612 1136 Perdiccae,
623 1077 679 1122 tum
690 1067 808 1136 quidem,
818 1067 883 1134 quia
898 1068 991 1138 ipsius
1002 1085 1050 1120 cor·

176 1137 196 1188 ri
214 1137 255 1190 vis
273 1154 323 1190 non
340 1136 506 1205 afferebatur,
526 1137 554 1190 in
571 1137 679 1204 agmine
696 1136 801 1205 quietus
819 1136 914 1188 stetit:
936 1146 966 1190 at
985 1153 1050 1204 mox,

177 1215 266 1258 runata
284 1223 331 1276 spe
351 1207 449 1274 salutis,
470 1223 532 1260 curn
552 1204 611 1274 ejus
631 1205 744 1284 nornine,
764 1220 847 1274 quern
867 1205 933 1273 ipse
954 1206 1051 1258 fecem

141 1289 239 1353 regem,
257 1275 283 1327 in
303 1275 447 1343 perniciem
468 1292 543 1328 suam
562 1274 703 1328 abutentes
720 1273 819 1326 videret
836 1273 978 1342 inimicos,
995 1291 1051 1326 eon·

140 1341 255 1462 fugiam
278 1342 424 1412 templum:
448 1359 481 1396 ac
503 1361 537 1396 ne
560 1343 611 1396 loci
634 1343 743 1413 quidem
763 1342 889 1410 religione
913 1343 1049 1409 defensae,

140 1426 197 1463 oocr
217 1419 276 1464 rtur.

174 1483 216 1532 30.
234 1479 368 1550 Perdicca,
416 1480 507 1534 rducto
525 1481 550 1534 in
568 1480 662 1534 urbem
679 1480 803 1548 exercitu,
816 1480 969 1534 consilium
989 1482 1052 1551 prin·

139 1547 231 1618 cipum
251 1549 364 1602 virorum
402 1550 481 1620 abuit,
501 1551 598 1619 inquo
619 1550 758 1619 imperium
778 1550 816 1601 ita
834 1547 924 1602 dividi
945 1550 1050 1618 placuit,

139 1625 169 1670 ut
181 1635 225 1672 rex
237 1618 347 1698 quidem
359 1636 491 1674 summam
509 1619 568 1688 ejus
584 1619 722 1686 obtineret,
736 1628 855 1686 satrapes
875 1619 1051 1672 Ptolemaeus

139 1688 255 1756 Aegypti
267 1697 294 1740 et
306 1687 412 1742 Africae
423 1689 553 1754 gentium²
564 1704 633 1756 quae
650 1689 676 1740 in
694 1687 796 1740 dicione
814 1697 899 1740 erant.
942 1689 1051 1741 Laome·

139 1754 211 1808 douti
231 1756 305 1826 Syria
325 1773 388 1809 cum
407 1757 538 1811 Phoenice
558 1756 621 1810 data
641 1765 697 1826 est;
717 1756 835 1810 Philotae
851 1756 955 1810 Cilicia
973 1757 1050 1810 deati·

139 1833 216 1894 ueta,
237 1825 347 1894 Lyciam
367 1841 431 1878 curn
446 1826 604 1895 Pamphylia
624 1835 651 1878 et
671 1825 769 1895 majore
789 1824 908 1893 Phrygia
931 1827 1050 1878 obtinere

138 1891 227 1961 jussus
246 1896 409 1963 Antigonus,
429 1894 456 1948 iu
476 1895 581 1948 Cariam
599 1895 754 1964 Cassander,
773 1894 929 1948 Menander
952 1897 981 1948 in
1004 1897 1050 1965 Ly·
1095 1949 1096 1964 ἶ

139 1960 212 2015 diam
235 1963 317 2016 missi.
364 1963 508 2032 Phrygiam
530 1965 660 2018 minorem
685 1963 855 2032 Hellesponto
879 1963 1053 2033 adjunctam

139 2031 265 2084 Leonnati
308 2033 449 2086 rorinciam
471 2049 531 2086 ease
553 2032 692 2101 jusserunt.
737 2031 907 2100 Cappadocia
935 2034 1051 2088 Eumeni

138 2115 202 2152 euru
220 2101 275 2169 Pap
354 2103 397 2154 nia
414 2102 501 2154 cessit.
537 2102 712 2170 Praeceptum
723 2109 771 2169 est,
784 2110 813 2153 ut
832 2103 977 2168 regionem
991 2119 1053 2155 eam

139 2183 223 2236 usque
244 2169 278 2220 ad
302 2170 469 2240 Trapezunta
492 2169 654 2240 defenderet,
678 2169 779 2224 bellum
805 2186 868 2222 curn
893 2172 1053 2224 Ariarathe⁴

137 2245 249 2304 gereret.
286 2237 360 2290 Solus
377 2238 421 2292 hic
434 2239 597 2292 detrectabat
615 2239 775 2308 imperium„
798 2238 894 2291 Pithon
914 2241 1052 2312 Mediam,

138 2305 314 2374 Lysimachus
325 2306 465 2360 Thraciam
477 2311 662 2377 appositasque
673 2307 803 2360 Thraciae
815 2307 945 2380 Ponticae
956 2323 1054 2378 gentes

137 2373 256 2428 obtinere
272 2374 346 2444 jussi.
382 2375 432 2433 Qui
445 2376 542 2445 Indiae,
556 2379 654 2446 quique
671 2377 772 2446 Bactris
783 2385 810 2430 et
821 2375 969 2444 Sogdianis
980 2389 1053 2434 cete·

138 2443 225 2513 risque
238 2452 284 2496 aut
296 2444 394 2496 Oceani
410 2453 456 2498 aut
473 2444 555 2498 Rubri
573 2447 654 2500 maris
671 2446 768 2498 accolis
786 2455 936 2516 praeerant,
951 2450 1053 2517 quibus

137 2513 250 2582 quisque
268 2513 366 2567 finibus
383 2512 527 2582 habuisset,
547 2515 652 2584 imperii
669 2515 751 2568 etiarn
767 2513 810 2585 jus
827 2513 995 2587 obtinerent,
1009 2519 1053 2572 de·

138 2591 239 2636 oretum
251 2591 292 2636 est
299 2599 307 2652 3
325 2583 452 2637 Perdieca
463 2592 492 2636 ut
503 2601 566 2688 oum
579 2598 641 2652 rege
653 2592 732 2652 esset,
745 2585 880 2664 copiisque
898 2597 1053 2656 praeesset,

137 2653 1054 2804 tlttntttsrttttt‘tttt,atttlttttltttttett

166 2853 174 2877 ¹
187 2849 241 2896 ‘'I'o
252 2850 396 2911 challenge,'
411 2855 451 2900 ‘to
461 2851 605 2912 provere),

164 2921 175 2946 ²
185 2915 278 2978 euppty
288 2920 408 2980 imperium
418 2919 480 2968 from
490 2921 530 2968 the
542 2921 670 2982 preceding
681 2921 770 2970 clause.

166 2993 175 3018 ³
186 2988 291 3050 Phrygia
300 3006 332 3038 on
343 2991 383 3040 the
395 2992 547 3052 Hellespont,
560 3008 587 3040 or
598 2992 705 3054 Phrygia
715 2993 796 3040 Minor
806 2991 842 3048 (of
852 2991 938 3042 which
951 2995 996 3044 the
1009 3013 1051 3046 an·

137 3048 200 3097 cient
213 3047 327 3117 kingdom
338 3050 366 3096 of
378 3050 456 3099 'I‘roas
467 3066 543 3099 wasa
569 3061 622 3115 art),
635 3067 661 3101 as
672 3051 848 3113 distinguished
862 3051 926 3102 hom
939 3053 1053 3118 Phrygia

137 3105 218 3168 Major
228 3107 252 3156 in
263 3108 304 3156 the
315 3109 411 3158 raterior
421 3109 450 3158 of
461 3111 523 3158 Asia
563 3111 622 3160 inor.

165 3177 174 3200 ⁴
183 3172 250 3232 King
259 3171 287 3219 of
295 3171 453 3230 Cappadocia.

167 3235 278 3282 ¹Should
293 3234 406 3303 properly
421 3235 482 3283 have
500 3237 562 3285 been
576 3247 741 3298 nocumentum
761 3239 804 3286 but
819 3237 871 3287 that
888 3237 974 3288 which
990 3240 1051 3290 theu

137 3301 230 3410 {ligeto
245 3293 276 3340 be
291 3307 313 3342 rs
328 3293 458 3351 expressed
473 3309 499 3342 as
514 3311 530 3343 a
544 3297 638 3357 reality,
655 3297 758 3346 because
774 3296 792 3345 it
808 3295 913 3379 actually
929 3297 975 3348 did
990 3299 1050 3350 tulta
