2410 3890
546 245 637 284 crasa
657 245 697 284 rr.
860 297 862 305 x
1037 231 1076 287 8³

164 349 274 420 quidem
287 349 371 404 habeo
382 353 484 421 renale,
495 352 542 404 sed
555 353 687 406 fortunam
700 371 789 408 meam
799 355 899 424 utique¹
910 371 963 408 nou
971 354 1074 408 vendo:

164 421 284 489 captivos
297 421 318 472 si
331 421 419 490 placet
432 422 514 490 reddi,
528 423 663 476 honestius
674 423 742 476 dono
754 423 885 490 dabimus,
899 441 980 493 quam
992 425 1076 494 pretio

164 491 339 542 remittemus.
384 491 540 546 Introductis
562 491 659 544 deinde
683 493 785 562 legatis,
810 494 844 546 ad
871 494 941 546 bunc
964 493 1075 548 modum

164 560 314 628 respondit:
336 561 462 613 Nuntiate
484 562 577 629 Dareo,
596 579 649 630 me,
668 580 735 631 quae
755 563 866 615 fecerim
884 562 1030 616 clementer
1048 571 1075 616 et

164 628 315 697 liberaliter,
335 647 385 682 non
404 629 540 683 amicitiae
561 631 618 700 ejus
638 631 768 700 tribuisse,
788 631 835 684 red
856 641 965 684 naturae
985 649 1073 686 meae.

164 698 267 751 Bellum
287 716 349 752 cum
367 701 480 768 captivis
498 709 524 752 et
542 697 649 752 lerninis
666 717 757 768 gerere
775 717 826 755 non
846 701 932 754 soleo:
956 715 1075 754 armatus

164 769 197 820 sit
216 777 324 836 oportet,
344 785 425 838 quem
444 769 553 822 oderim.
590 769 689 828 Quodsi
706 768 802 822 saltem
820 787 916 838 pacem
933 769 1001 824 bona
1019 771 1073 824 fide

163 846 271 906 peteret,
290 838 466 891 deliberarem
485 837 600 906 forsitan,
620 855 653 890 an
671 838 773 891 darem.
809 839 908 892 Verum
928 839 1072 909 enimvero,

164 923 225 959 cum
239 907 316 965 modo
328 907 428 960 milites
437 925 517 974 ,meos
527 907 620 959 litteris
632 907 666 960 ad
685 908 866 976 proditionem,
880 907 958 960 modo
973 909 1074 962 amicos

163 975 197 1028 ad
210 977 356 1044 perniciem
369 987 458 1030 meam
470 977 585 1046 pecunia
597 975 728 1045 sollicitet,
741 977 775 1030 ad
789 977 996 1031 internecionem
1008 977 1075 1032 mihi

163 1047 363 1114 persequendus
375 1042 422 1115 est,
436 1063 487 1098 non
499 1057 527 1099 ut
545 1045 631 1116 justus
643 1045 793 1114 hostiased
805 1055 834 1100 ut
845 1063 983 1126 percussor
995 1063 1075 1100 rene·

163 1115 238 1168 licus.
275 1115 448 1168 Condiciones
460 1134 521 1168 vero
535 1115 616 1185 pacis,
629 1133 697 1184 quas
711 1115 812 1169 affertis
830 1133 852 1169 sr
869 1132 1006 1184 accepero,
1020 1118 1074 1170 vic·

164 1196 246 1236 torem
266 1201 326 1237 eum
347 1185 465 1238 faciunt.²
499 1186 573 1244 Quae
595 1196 652 1254 post
673 1185 826 1254 Euphraten
845 1193 913 1253 sunt,
932 1185 1075 1238 liberaliter

163 1251 252 1305 donat.
284 1254 333 1308 Ubi
349 1255 427 1322 igitur
439 1271 482 1308 me
495 1253 632 1308 affaminil
648 1271 745 1322 nempe
757 1255 825 1307 ultra
838 1255 992 1324 Euphraten
1005 1271 1074 1308 sum.

164 1321 305 1376 Summum
328 1341 389 1392 ergo
413 1324 482 1376 dotis
505 1341 586 1392 quam
605 1325 731 1392 promittit
751 1323 892 1378 terminum
910 1332 996 1376 castra
1014 1341 1075 1378 mea

162 1399 307 1446 transeunt.
332 1394 411 1446 ¹Hirro
430 1411 474 1446 me
492 1392 626 1462 depellite,
646 1402 675 1446 ut
693 1393 777 1446 sciam
794 1403 911 1446 vestrum
931 1411 998 1462 esse,
1012 1395 1075 1462 quo³

163 1461 265 1514 ceditis.
312 1463 416 1516 Eadem
433 1463 590 1516 liberalitate
608 1461 653 1516 dat
673 1462 739 1515 mihi
758 1463 840 1515 filiam
858 1480 951 1516 suam:
977 1479 1074 1532 nempe

163 1547 243 1599 quum
264 1533 318 1585 scio
337 1533 417 1586 alicui
438 1549 573 1586 servorum
593 1530 651 1601 ejus
670 1533 832 1600 nupturam.⁴
874 1532 993 1586 Multum
1012 1549 1075 1584 vero

164 1599 229 1655 mihi
250 1611 372 1671 praestat,
389 1606 410 1656 si
428 1620 471 1656 me
490 1603 603 1656 Mazaeo
615 1617 744 1670 generum
757 1600 909 1670 praeponit!
948 1601 994 1668 lte,
1008 1619 1074 1654 nun-

163 1670 226 1722 tiate
239 1673 293 1740 regi
299 1680 398 1740 ¹vestro,
410 1681 436 1725 et
448 1689 516 1742 quae
529 1671 625 1740 amisit,
636 1681 663 1724 et
675 1687 743 1740 quae
755 1670 844 1724 adhuc
857 1669 944 1739 habet,
956 1671 1075 1740 praemia

163 1754 222 1792 esse
236 1740 313 1794 belli:
334 1742 384 1795 boc
397 1751 505 1810 regente
517 1741 653 1809 utriusque
666 1741 792 1794 terminos
805 1739 884 1807 regni,
899 1739 925 1792 id
939 1757 1074 1808 quemque

163 1806 323 1879 habiturum,
336 1811 406 1879 quod
422 1811 556 1880 proximae
569 1811 635 1862 lucis
646 1812 810 1878 assignatum
823 1809 925 1861 fortuna
938 1818 987 1862 est.
1025 1809 1073 1860 Le-

161 1879 214 1944 gati
230 1879 394 1948 respondent,
407 1898 469 1933 cum
484 1879 582 1932 bellum
596 1881 723 1932 inanimo
739 1881 780 1947 sit,
794 1879 882 1930 lacere
895 1895 957 1931 eum
973 1878 1073 1945 simpli-

162 1947 233 2014 citer,
245 1949 313 2016 quod
327 1968 373 2017 spe
387 1951 459 2018 pacis
472 1964 521 2000 non
534 1949 707 2001 frustraretur.
745 1949 818 2017 lpsos
830 1956 927 2016 petere,
943 1957 969 1998 ut
982 1963 1075 2014 quam·

161 2017 277 2084 primum
296 2017 458 2070 dimittantur
477 2017 511 2070 ad
531 2033 636 2086 regem:
658 2035 720 2070 eum
738 2033 841 2087 quoque
861 2016 960 2071 bellum
979 2027 1072 2085 parare

161 2084 267 2140 debere.
306 2088 413 2140 Dimissi
426 2088 555 2156 nuntiant,
568 2086 664 2138 adesse
677 2095 822 2138 certamen.

196 2162 238 2208 45.
258 2155 305 2208 llle
324 2157 431 2225 quidem
450 2157 589 2210 confestim
607 2157 750 2210 Mazaeum
770 2173 832 2208 cum
850 2155 935 2208 tribus
949 2153 1072 2224 equitum

161 2225 270 2278 milibus
293 2226 327 2278 ad
353 2227 452 2294 itinera,
477 2243 546 2296 quae
571 2225 654 2279 hostis
676 2227 807 2296 petiturus
830 2234 893 2294 erat,
918 2223 1073 2294 occupanda

160 2297 305 2361 praemisit.
324 2297 499 2366 ,Alexandeq
519 2297 618 2364 corpori
639 2296 727 2350 uxoris
751 2295 810 2365 ejus
832 2295 908 2364 justis
932 2294 1073 2363 persolutis

161 2363 286 2434 omnique
309 2366 428 2434 graviore
452 2365 580 2419 comitatu
606 2366 673 2418 intra
697 2365 793 2418 eadem
817 2366 983 2418 munimenta
1007 2381 1071 2417 oum

162 2435 265 2486 modico
285 2435 417 2502 praesidio*
434 2436 530 2502 relicto,
548 2434 582 2487 ad
601 2435 708 2488 bostem
724 2433 866 2489 contendit.
903 2434 960 2486 Duo
973 2449 1071 2486 cornua
1147 2466 1150 2474 κ

160 2501 436 2572 diviseratrpeditum,
449 2507 551 2574 utrique
571 2504 645 2557 lateri
664 2505 754 2573 equite
766 2503 943 2570 circumdato,
960 2500 1072 2570 impedi·

161 2582 251 2626 menta
272 2575 450 2642 sequebantur
467 2591 571 2641 agmen.
609 2574 787 2626 Praemissum
807 2571 903 2626 deinde
921 2587 985 2622 cum
1001 2569 1072 2622 citis⁸

160 2644 295 2710 equitibus
319 2643 447 2696 Menidan
469 2643 544 2712 jubet
564 2643 708 2712 explorare,
732 2642 776 2695 ubi
798 2643 900 2695 Dareus
920 2648 999 2692 esset.
1036 2641 1071 2692 At

160 2709 213 2776 ille,
229 2731 291 2765 cum
310 2713 441 2766 Mazaeus
457 2713 528 2766 haud
546 2712 636 2782 procul
654 2711 825 2779 consedisset,
839 2727 891 2763 non
906 2726 988 2762 ausus
1003 2709 1072 2762 ultra

159 2783 311 2851 procedere,
331 2783 396 2836 nihil
416 2782 496 2850 aliud,
514 2799 595 2850 quam
615 2782 749 2834 fremitum
770 2781 907 2833 hominum
927 2777 1072 2832 hinnitum-

160 2865 213 2918 que
223 2869 350 2922 equorum
360 2852 507 2918 exaudisse,
518 2853 628 2904 nuntiat.
660 2851 791 2902 Mazaeus
799 2865 911 2920 quoque,
922 2849 1073 2917 conspectis

160 2922 250 2988 procul
269 2922 483 2990 exploratoribus,
497 2922 522 2973 in
536 2930 622 2973 castra
640 2935 670 2972 se
689 2920 796 2988 recepit,
809 2919 941 2972 adrentus
956 2916 1071 2970 bostium

190 3027 198 3052 ¹
212 3024 383 3086 ‘respectans’
397 3041 424 3073 or
437 3022 526 3074 ‘under
536 3041 583 3082 any
594 3024 798 3072 circumstances’
877 3049 881 3057 x

187 3083 296 3142 '‘They
307 3095 429 3191 represent
441 3085 490 3132 him
501 3101 527 3132 as
539 3083 630 3131 victor!
722 3099 724 3102 ·
861 3117 863 3130 ,

187 3145 197 3170 ⁸
209 3141 297 3190 ‘From
306 3157 329 3187 w
348 3144 385 3191 ioh
397 3160 444 3204 you
455 3144 545 3198 retire,’
558 3159 584 3190 or
598 3142 692 3190 ‘which
701 3157 748 3202 yon
759 3142 814 3202 give
825 3141 874 3202 up.’
903 3141 952 3190 For
960 3141 1001 3189 the
1013 3155 1070 3190 con·

158 3201 315 3249 structiones
326 3206 411 3257 cedere,
424 3205 471 3251 and
482 3205 553 3250 verbs
565 3201 593 3250 of
605 3202 646 3250 the
657 3217 724 3250 seme
735 3201 808 3258 class,
821 3217 863 3253 see
876 3200 956 3250 Gran.
968 3199 1042 3251 l298.

186 3259 300 3308 ‘Mulier
310 3263 376 3309 nubit
387 3265 460 3310 aldai
470 3265 528 3312 ciro.
561 3261 608 3308 See
620 3262 718 3329 Zumpt,
732 3259 806 3311 lddd.

188 3319 273 3368 ¹'I'bat
283 3320 314 3376 is,
330 3319 375 3368 ‘be
390 3321 445 3375 had,
458 3323 491 3383 by
501 3319 608 3381 dividing
623 3321 665 3368 tbe
681 3317 796 3380 rnlantry,
809 3317 901 3368 formed
912 3327 961 3365 two
972 3317 1068 3387 yringo!

158 3377 214 3427 'l'be
230 3379 372 3438 expression
386 3379 407 3428 is
424 3379 541 3429 therefore
557 3379 695 3439 equireleur
712 3387 737 3426 to
753 3381 780 3427 in
795 3381 841 3428 duo
853 3393 942 3428 camno
955 3377 1069 3424 drodant

206 3441 259 3494 iter,
272 3454 300 3487 or
353 3440 415 3486 itera

158 3441 286 3558 ¹„⁸dblquir
311 3507 353 3546 eut
364 3498 611 3552 tarantasmum.
