2314 3886
170 222 228 276 208
435 237 474 276 ne
499 237 606 280 essars
628 235 812 278 scamnum.

171 345 298 413 intuleris,
318 347 395 400 bonis
413 345 509 400 amicis
531 348 629 415 poteris
648 345 695 398 uti.
731 347 801 400 Nam
823 354 849 396 et
870 344 1044 398 firmissima
1064 355 1103 399 est

171 418 238 468 inter
250 433 330 484 pares
340 417 467 480 amicitia,
481 425 508 469 et
521 415 642 469 ridentur
655 433 739 484 pares,
752 416 796 483 qui
814 433 864 466 non
883 415 1019 466 lecerunt
1035 415 1102 466 inter

171 503 200 538 se
219 485 366 553 periculum
385 485 490 540 virium.
527 486 599 545 Quos
618 485 733 554 viceris,¹
751 487 852 538 amicos
871 484 920 538 tibi
941 501 1012 536 esse
1036 502 1100 536 aare

171 557 279 608 eredas:
300 557 367 608 inter
378 556 517 610 dominum
536 565 563 608 et
581 571 688 608 servum
704 555 780 608 nulla
796 554 917 607 amicitia
929 566 996 606 est:
1019 557 1100 606 etiarn

172 625 196 678 in
227 643 294 693 pace
324 625 386 679 belli
417 635 508 678 tamen
535 625 594 694 jura
623 626 780 678 servantur.²
825 625 946 676 lut-ando
980 625 1097 692 gratiam

172 695 285 765 Scythas
296 697 398 748 sancire
411 713 445 748 ne
457 695 630 748 crediderisz³
646 693 757 748 colendo
770 694 859 762 fidem,
872 693 977 762 jurant.
1019 695 1097 746 Grae-

172 781 262 818 oorom
276 766 326 818 ista
338 767 425 820 cautio
438 775 486 834 est,
500 765 545 833 qui
565 776 642 832 pacta
654 766 816 832 consignant,
830 775 857 817 et
869 765 936 816 deos
952 765 1097 817 invocant:

172 853 220 888 nos
240 836 394 903 religionem
415 836 441 888 in
462 837 519 904 ipsa
539 835 593 888 fide
613 835 745 888 novimus.
782 834 834 892 Qui
858 851 909 886 nou
936 846 1098 886 reverentur

172 905 301 974 homines,
324 905 417 958 fallunt
437 905 510 956 deos.
547 905 606 958 Neo
626 904 674 957 tibi
694 905 781 958 amico
801 921 867 972 opus
887 915 937 972 est,
961 906 1001 956 ‹le
1025 905 1098 974 cujus

171 975 352 1028 benivolentia
370 975 484 1028 dubites.
522 975 647 1028 Ceterum
660 991 708 1026 nos
720 984 747 1026 et
759 973 840 1027 Asiae
853 982 879 1026 et
893 975 1030 1042 Europae
1045 993 1098 1026 cus

171 1047 248 1098 todes
278 1045 403 1098 habebis:
435 1044 536 1114 Bactra,
561 1044 611 1096 nisi
635 1043 737 1096 dividat
764 1043 869 1110 TanaiS,
894 1045 1097 1112 contingimus:

172 1115 240 1168 ultra
258 1115 369 1168 Tanaim
389 1132 473 1184 usque
491 1115 526 1168 ad
545 1113 686 1168 Thraciam
700 1113 828 1181 colimus,
847 1113 984 1166 Thraciae
1004 1115 1099 1166 Mace·

171 1184 279 1238 doniam
304 1185 473 1254 conjunctam
498 1201 558 1236 esse
583 1184 655 1238 lama
679 1194 728 1236 est.
773 1183 883 1252 Utrique
909 1183 1033 1252 imperio
1059 1193 1099 1236 tuo

171 1255 304 1322 finitimos,
318 1253 409 1307 hostes
421 1272 455 1308 an
467 1255 570 1308 amicos
582 1253 650 1306 velis
662 1271 730 1322 esse,
744 1253 889 1310 considera.

207 1328 246 1376 36.
273 1324 346 1376 Haeo
371 1323 506 1381 barbarus.
543 1324 638 1376 Contra
659 1340 705 1376 rex
724 1323 828 1376 lortuna
849 1340 898 1374 sna
922 1331 951 1374 et
979 1324 1100 1376 consitis

171 1410 262 1446 eorum
276 1410 305 1446 se
319 1409 428 1446 usurum
441 1410 501 1446 esse
514 1394 663 1462 respondet.
694 1393 766 1446 Nam
778 1402 806 1446 et
818 1393 962 1460 fortunam,
978 1395 1026 1445 cui
1041 1411 1100 1446 cou-

171 1462 243 1531 fidat,
264 1471 290 1515 et
309 1463 448 1516 consilium
467 1461 645 1533 suadentium,
664 1479 699 1516 ne
717 1462 782 1532 quid
800 1471 903 1515 temere
920 1472 945 1514 et
964 1464 1101 1516 audacter

172 1531 259 1599 faciat,
273 1542 436 1586 secuturum.
472 1533 649 1602 Dimissisque
667 1532 771 1600 legatis,
791 1534 817 1586 in
836 1543 1016 1601 praeparatas
1031 1543 1101 1586 rates

171 1603 318 1656 exercitum
338 1603 472 1672 imposuit.
515 1602 544 1656 In
563 1602 646 1672 proris
662 1603 790 1672 clipeatos
807 1603 950 1670 locaverat,
966 1602 1064 1670 jussos
1077 1605 1099 1656 in

170 1690 260 1741 genua
284 1675 430 1742 subsidere,
451 1690 503 1742 quo
525 1673 634 1726 tutiores
658 1683 748 1726 essent
772 1671 901 1728 adversus
921 1673 998 1726 ictus
1020 1676 1100 1742 sagit·

171 1753 266 1796 terum.
304 1744 364 1796 Post
388 1741 437 1795 hos
460 1743 505 1812 qui
525 1750 656 1796 tormenta
675 1742 853 1796 intenderent⁴
873 1740 992 1811 stabant,
1015 1753 1046 1796 et
1067 1743 1100 1796 ab

170 1821 280 1882 utroque
299 1813 388 1880 latere,
399 1823 428 1866 et
447 1829 463 1864 a
482 1812 567 1866 fronto
584 1811 741 1866 circumdati
759 1811 878 1866 armatis.
900 1807 1038 1881 ‘Reliqut
1053 1814 1098 1882 qui

171 1892 228 1952 post
241 1891 372 1936 tormenta
384 1883 562 1952 constiterant,
576 1882 715 1950 remigem⁵
732 1882 839 1934 loricam
859 1881 988 1936 indutum
1008 1894 1099 1936 scoto

171 1970 226 2006 rum
241 1954 374 2020 testudine
386 1952 481 2006 armati
494 1951 675 2022 protegebant.
713 1951 790 2006 Idem
802 1950 864 2004 ordo
877 1951 904 2002 in
917 1950 974 2002 illis
987 1969 1099 2022 quoque

171 2024 276 2090 ratibus,
291 2040 359 2092 qnae
378 2023 498 2092 equitem
510 2021 652 2090 vehebant,
667 2029 788 2074 servatus
804 2030 852 2074 est.
889 2020 980 2088 Major
999 2039 1069 2092 pars
1086 2041 1100 2074 a

169 2092 270 2162 puppe⁶
293 2101 388 2145 nantes
411 2101 494 2161 eq‘uos
516 2091 578 2146 loris
602 2090 732 2144 trahebat.
778 2094 814 2146 At
837 2090 902 2157 illos,
927 2107 999 2158 quos
1025 2102 1100 2144 utres

169 2169 313 2214 stramento
334 2177 360 2212 re
380 2161 426 2212 leti
445 2161 587 2229 vehebant,
609 2161 731 2230 objectae
750 2169 821 2214 rates
840 2161 996 2214 tuebantur.
1038 2163 1099 2232 lpse

170 2247 216 2282 rex
239 2247 302 2285 curn
326 2178 438 2282 deliratis
461 2231 562 2298 primus
585 2238 669 2284 ratem
694 2229 778 2300 solvit,
800 2238 827 2284 et
851 2231 877 2283 in
902 2229 991 2298 ripam
1016 2231 1099 2301 dirigi

167 2298 254 2366 jussit.
292 2300 340 2351 Cui
353 2298 469 2367 Scythae
481 2299 603 2352 admotos
619 2300 726 2352 ordines
745 2299 866 2369 equiturn
880 2299 905 2352 in
918 2299 1008 2368 primo
1023 2303 1098 2370 ripae

168 2369 289 2436 margine
307 2378 449 2438 opponunt,
463 2377 492 2420 ut
510 2385 543 2420 ne
560 2369 689 2438 applicari
706 2369 818 2438 quidem
836 2380 920 2422 terrae
940 2379 1016 2421 rates
1038 2389 1097 2440 poe

169 2447 236 2490 sent.
272 2439 398 2498 Ceterum
418 2447 520 2508 praeter
532 2439 602 2492 hano
616 2441 735 2506 speciem
748 2440 811 2508 ripis
823 2439 1005 2509 praesidentis
1018 2458 1097 2494 exer·

168 2509 245 2576 citus,
267 2507 360 2576 ingens
384 2508 541 2576 navigantes
564 2517 644 2560 terror
668 2509 818 2562 invaserat:
843 2525 960 2576 namque
983 2527 1095 2564 cursum

166 2579 365 2647 gubernatores,
379 2596 440 2632 oum
454 2578 559 2647 obliquo
571 2579 682 2632 flumine
702 2579 909 2648 impellerentur,
923 2595 1020 2646 regere
1042 2599 1095 2633 non

167 2658 296 2718 poterant,
312 2649 523 2718 vacillantesque
542 2648 650 2718 milites,
666 2655 693 2700 et
713 2666 747 2700 ne
767 2657 953 2702 excuterentur
974 2648 1095 2716 solliciti,

167 2728 306 2772 nautarum
330 2719 477 2772 ministeria
500 2718 678 2772 turbaverant.
721 2719 764 2772 Ne
788 2719 841 2771 tela
864 2717 975 2786 quidem
1002 2723 1097 2774 conati

168 2789 238 2840 nisu⁷
256 2789 361 2842 vibrare
379 2796 507 2858 poterant,
521 2805 583 2842 cum
602 2788 671 2857 prior
684 2789 769 2840 standi
789 2789 845 2840 sine
865 2787 993 2856 periculo,
1008 2806 1095 2858 qnam

168 2890 248 2938 which
260 2890 313 2938 lead
325 2891 381 2996 thfee
398 2901 423 2938 to
440 2890 517 2971 t'orget
528 2889 572 2950 thy
584 2888 673 2938 human
685 2899 779 2946 nature,
792 2888 839 2937 aud
850 2889 891 2936 the
904 2889 951 2936 lact
964 2889 1018 2937 that
1032 2892 1096 2940 thou

167 2951 498 3077 mqyffgpppipquolqjtppgttiqe'
511 3024 553 3056 see
568 3008 738 3076 Gramblldl.
800 3067 804 3078 Ι
984 3068 989 3078 Ι

195 3066 282 3114 'That
293 3082 322 3123 rs,
336 3082 398 3116 even
413 3085 438 3116 m
453 3083 526 3128 peace
544 3067 603 3127 they
617 3083 710 3116 remam
726 3083 844 3123 enerrnes,
860 3067 907 3116 and
923 3078 1043 3117 continue
1057 3081 1094 3120 to·
1135 3067 1138 3124 l

168 3125 247 3173 warda
258 3127 317 3174 each
330 3126 399 3174 otlrer
410 3143 441 3176 on
452 3127 493 3175 the
504 3127 597 3186 footing
608 3125 636 3174 of
647 3143 705 3174 war.

196 3190 205 3214 ³
216 3184 284 3291 Wbp
295 3195 336 3232 not
347 3190 486 3236 aenedas?
518 3187 565 3236 See
578 3186 677 3246 Zumpt,
690 3186 719 3238 tt
731 3189 784 3242 529,
798 3195 864 3242 note,
878 3187 925 3236 and
935 3190 991 3234 586.

196 3249 204 3272 ⁴
217 3243 265 3290 ‘W
285 3261 299 3291 o
310 3244 396 3294 should
408 3246 500 3294 stretch
511 3247 552 3294 tbe
564 3245 727 3306 war-,anginas
736 3245 752 3303 33
766 3245 819 3293 that
836 3246 865 3301 is,
879 3245 920 3294 the
936 3247 1043 3306 engines
1056 3249 1094 3300 sor

167 3303 287 3364 throwing
298 3304 411 3352 missiles.
444 3305 492 3351 We
503 3305 579 3363 speah
590 3304 618 3354 of
632 3306 743 3366 ‘sarving
755 3304 795 3353 the
807 3306 888 3366 guas!

196 3361 376 3421 ’Collectively
385 3361 422 3408 for
433 3365 538 3424 reniges.
571 3363 618 3410 See
630 3364 728 3424 Zumpt,
742 3363 755 3415 b
767 3367 818 3414 364.

194 3426 203 3450 ⁶
215 3419 342 3480 Literally‚
359 3419 434 3468 ‘lrorn
446 3419 487 3465 the
498 3430 563 3468 stern
572 3421 588 3476 ;’
602 3420 654 3470 thar
666 3423 696 3478 is,
711 3429 759 3470 ‘on
770 3423 811 3471 the
822 3425 906 3474 stern’

195 3483 204 3505 '
217 3484 223 3505 ‘
233 3479 303 3527 With
313 3479 353 3529 the
362 3486 468 3540 greatest
477 3477 604 3533 exerti0n‚’
617 3480 690 3527 ‘with
699 3481 740 3528 the
748 3493 838 3530 utmost
847 3483 916 3531 affort
924 3485 940 3540 ;’
950 3501 977 3532 ns
986 3501 1026 3534 we
1033 3503 1093 3549 say,

169 3537 301 3598 ¹attaining
309 3553 382 3598 every
392 3550 465 3586 nerva
472 3535 488 3583 ι’
501 3538 579 3584 conati
587 3537 643 3586 well
650 3553 778 3597 expresses
787 3541 958 3590 concentrrned
965 3547 1094 3599 exertior.
