2438 3886
164 222 204 280 Μ
428 235 467 274 aa
491 233 597 274 oasrrs
619 233 804 274 aaaxrrrnar.

164 345 262 400 deinde
282 341 399 396 suffusus
421 343 480 410 eet,¹
498 350 525 396 et
548 351 632 395 totum
655 340 844 419 propemodum
867 357 962 422 corpus
979 341 1065 396 vitalis

165 413 235 468 calor
247 412 340 480 liquit.²
375 411 510 480 Expiranti
522 411 636 478 similem
649 411 760 463 ministri
771 427 851 464 manu
865 411 1005 480 excrpiunt,
1014 427 1064 466 nec

165 483 230 538 satis
253 489 402 550 compotem
426 481 522 534 mentis
540 479 568 532 in
586 479 785 534 tabernaculum
802 479 933 533 deserunt.
969 481 1065 550 Ingens
1126 521 1135 542 ,

165 550 311 606 sollicitudo
320 558 347 604 et
359 566 443 618 paene
454 548 508 619 jam
521 547 650 602 luctus³in
660 547 752 600 castris
761 557 824 600 erat.
855 547 962 602 Flentes
973 567 1064 622 quare·

165 621 265 688 bantur,
278 620 304 672 in
316 628 387 672 tanto
400 621 500 688 impetu
512 635 642 688 cursuque
655 618 752 670 rerum⁴
763 618 849 671 omnis
860 621 956 671 aetatis
965 637 997 672 ac
1010 636 1064 672 me·

165 691 263 744 moriae
281 688 457 741 clarissimum
470 705 560 756 regern
572 707 623 740 non
636 688 661 740 in
673 687 731 738 acie
743 687 857 756 saltem,⁵
869 704 918 742 non
936 690 972 741 ab
989 688 1064 742 hoste

164 758 306 827 dejectum,
325 757 370 810 sed
388 757 541 810 abluentem
560 774 630 825 aqua
648 771 743 824 corpus
763 767 882 825 ereptum
900 773 958 810 esse
976 768 1003 814 et
1020 775 1064 811 ex·

164 830 283 880 tinctum.
309 827 409 879 Instare
418 827 541 894 Dareum,
552 827 678 878 victorem
686 833 830 894 antequem
839 826 942 880 vidisait
951 826 1063 880 hostem.

163 896 217 950 Sibi
235 896 343 950 easdem
363 904 452 964 terras,
471 911 536 964 quas
553 893 670 950 victoria⁸
688 903 877 964 peragrassent,
891 896 1062 965 repetendas:

162 967 250 1020 omnia
261 975 306 1018 aut
320 966 390 1032 ipsos
401 973 446 1016 aut
464 961 553 1016 hostes
569 963 720 1032 populatos:
740 981 787 1032 per
798 973 885 1016 vastae
903 965 1063 1036 solitudines,

163 1035 266 1088 etiamsi
280 1050 357 1092 nemo
369 1033 473 1100 insequi
483 1031 553 1100 velit,
564 1042 664 1101 euntes,
675 1031 746 1085 lame
755 1035 834 1101 atque
843 1033 929 1102 inopia
937 1032 1064 1088 debellari

162 1121 247 1174 posse.
283 1105 370 1161 Quem
383 1103 488 1169 signum
500 1101 624 1154 daturum
642 1101 823 1170 fugientibus?
841 1119 922 1170 quem
939 1118 1064 1157 ausurum

162 1171 313 1228 Alexandro
327 1171 489 1238 succederet
523 1172 584 1224 lam
597 1180 625 1224 ut
636 1171 671 1224 arl
683 1170 884 1239 Hellespontum
902 1169 966 1240 fuga
984 1189 1064 1242 pene-

161 1251 266 1309 trerent,
276 1241 397 1308 classem,
407 1256 459 1308 qua
468 1248 607 1309 transeant,
617 1256 697 1310 quern
705 1239 941 1310 praeparaturum?
966 1241 1065 1308 Rursus

162 1311 187 1362 in
207 1312 294 1378 ipsum
313 1325 403 1377 regem
421 1308 599 1362 misericordia
618 1326 700 1378 versa,
719 1308 804 1361 illum⁷
821 1308 914 1362 florem
929 1309 1063 1380 juventae,

161 1381 234 1432 illam
251 1381 306 1432 vim
323 1377 415 1446 animi,
428 1377 545 1431 eundem
563 1395 653 1446 regern
671 1387 698 1430 et
716 1377 931 1449 commilitonem,
944 1377 1035 1432 divelli
1047 1397 1064 1432 a

160 1465 189 1502 se
203 1459 228 1500 et
240 1447 362 1516 abrumpi
375 1447 545 1500 immemores
556 1449 596 1500 sui
608 1447 795 1516 querebantur.

197 1521 235 1570 13.
253 1518 324 1570 Inter
342 1516 409 1568 haec
426 1515 535 1569 libarius
553 1533 643 1570 meare
658 1517 765 1586 spiritus
776 1525 906 1586 coeperat,
920 1516 1063 1571 allevabat·

159 1603 211 1655 que
235 1603 281 1638 rea
298 1584 394 1653 oculos,
413 1594 440 1640 et
456 1583 584 1653 paularim
602 1585 728 1639 redeunte
751 1585 840 1638 animo
862 1587 1064 1640 circumstantes

159 1655 261 1707 amicos
278 1659 428 1723 agnoverat,
447 1653 588 1722 laxataque
608 1655 647 1707 vis
665 1653 749 1707 morbi
767 1654 801 1707 ob
820 1653 869 1708 hoo
887 1654 972 1710 solum
990 1655 1062 1710 vide-

159 1724 243 1791 batur,
267 1724 331 1791 quia
354 1723 564 1790 magnitudinem
587 1723 652 1778 mali
675 1723 815 1776 sentiebat.
858 1724 948 1778 Animi
971 1736 1063 1779 autem

158 1793 294 1859 aegritudo
324 1809 417 1861 corpus
445 1791 555 1860 urgebat
586 1793 683 1862 quippe
707 1793 833 1846 Dareum⁸
855 1793 946 1862 quinto
968 1793 1013 1848 die
1036 1795 1062 1848 in

158 1861 250 1914 Cilicia
268 1861 322 1913 lore
340 1860 515 1914 nuntiabatur.
552 1831 676 1917 i'inctunr
695 1877 756 1930 orgo
774 1877 803 1914 se
822 1861 896 1931 tradi,
916 1870 1062 1918 attentam

158 1931 293 1986 victoriam
304 1930 372 2000 eripi
383 1930 434 1984 eibi
446 1947 480 1986 ex
492 1930 623 2000 munibus,
636 1931 801 2000 obscuraque
813 1939 840 1984 et
858 1929 966 2000 ignobili
978 1939 1062 1986 morte

157 2001 183 2052 in
196 1999 364 2054 tabernaculo
376 1999 494 2067 extingui
512 2016 549 2069 ae,
562 2001 731 2070 querebatur.
766 1999 951 2070 Admissisque
968 2003 1062 2056 amicis

156 2071 254 2137 pariter
270 2087 303 2122 aa
322 2068 440 2137 medicis,
459 2069 489 2121 ln
526 2085 558 2120 uo
576 2087 629 2138 me,
642 2070 734 2139 inquit,
746 2068 865 2122 articulo⁸
882 2085 971 2124 rerum
988 2088 1061 2124 mea·

159 2154 215 2190 rum
239 2138 343 2190 fortuna
370 2085 580 2206 deprehenderit,
605 2138 720 2192 cernitis.
757 2137 899 2206 Strepitum
927 2137 1060 2194 hostilium

187 2241 194 2262 ¹
206 2233 310 2293 ‘Spread
322 2232 403 2284 itseffi’
436 2233 498 2280 This
509 2235 567 2280 verb
581 2233 704 2298 (sufflando
716 2233 736 2280 is
747 2232 808 2280 used
823 2247 890 2280 mora
905 2235 1059 2298 particularly

157 2292 184 2341 cs
199 2292 303 2348 ‘blood’
321 2291 368 2340 and
381 2291 527 2351 ‘blushing,’
540 2292 621 2340 which
636 2307 716 2340 seems
733 2299 759 2339 to
771 2308 833 2357 pour
847 2293 917 2354 itrelf
928 2295 1005 2344 under
1018 2295 1060 2344 the

156 2351 220 2400 slrin.
251 2351 274 2398 lt
285 2350 306 2398 is
317 2351 374 2398 here
385 2350 445 2400 used
456 2349 483 2398 ol
495 2350 614 2409 palenoso.

184 2409 328 2478 'Linquere
339 2408 375 2456 lor
386 2411 528 2470 rerinqam;
541 2425 555 2458 a
566 2409 669 2470 poetical
677 2409 751 2460 word.
777 2409 813 2456 Ar
822 2407 884 2459 least
892 2409 911 2458 it
919 2410 941 2459 is
948 2421 990 2460 not
998 2413 1059 2462 used

157 2470 181 2518 in
191 2468 302 2528 ordrnary
314 2483 391 2527 prose.

185 2527 387 2582 ¹‘Lamentation
397 2525 434 2574 lor
444 2525 494 2574 him
505 2542 532 2575 aa
542 2525 622 2576 dead)
769 2573 771 2578 ,

184 2586 302 2672 ‘Impftue
314 2586 360 2655 isa
370 2585 460 2634 violent
471 2586 570 2667 mqtion.
601 2586 650 2634 We
665 2587 742 2646 spaak
752 2587 777 2636 in
787 2586 829 2636 the
840 2601 908 2636 same
919 2603 1018 2638 manner
1028 2589 1056 2638 os

156 2643 699 2812 Eviitttswoliiirlsbiieobezbribmssgiomoletiou
710 2705 731 2798 q
742 2705 772 2754 he
783 2705 831 2754 hod
841 2715 866 2754 at
877 2705 939 2754 least
949 2705 1023 2756 fallen
1033 2708 1058 2756 iu

172 2779 185 2811 a
216 2779 238 2811 e.

183 2828 191 2852 ⁸
203 2822 289 2870 ‘With
300 2822 412 2882 victory,’
425 2837 452 2870 or
465 2821 651 2882 ‘victoriouslyr
684 2822 730 2872 See
747 2823 845 2892 Zumpt.
863 2821 939 2880 9473,
970 2823 1000 2872 Iu
1015 2823 1056 2872 tlre

155 2896 222 2928 same
239 2897 301 2940 way,
315 2882 381 2942 sugo
393 2890 524 2943 penetrare.
556 2882 611 2929 'Phe
627 2882 697 2932 usual
712 2897 853 2942 expression
868 2882 889 2931 is
904 2884 1011 2939 uiderer,
1029 2898 1056 2932 aa

155 2955 308 2998 conquercrs,
314 2941 447 3001 fugientes,
460 2956 487 2988 as
497 2939 619 3000 fugitives.

184 3003 191 3025 t
201 2998 248 3045 We
259 2999 335 3057 spealr
345 2998 373 3046 cl
381 3001 426 3048 tria
435 2999 518 3048 flower
528 2999 556 3048 of
567 2999 651 3059 youth,
664 3001 710 3048 thir
721 3013 811 3060 energy
821 2999 851 3054 os¹
861 2998 934 3048 mind.
966 2999 1014 3050 But
1031 3001 1056 3050 in

155 3057 195 3104 the
206 3057 276 3104 Latin
284 3060 360 3114 illum,
369 3058 410 3105 the
415 3060 462 3120 flor
467 3060 584 3126 juventae
591 3059 612 3106 is
620 3057 713 3116 riewed
722 3075 749 3108 as
757 3059 854 3119 already
862 3059 983 3120 deperted.
1009 3062 1054 3110 See

156 3116 252 3174 Zumpt.
266 3115 279 3166 b
290 3121 340 3166 701.
368 3116 506 3178 Regardrng
516 3117 557 3164 the
568 3117 654 3175 phrase
665 3121 766 3166 eundum
776 3136 860 3180 regem,
871 3117 929 3176 dara,
939 3119 998 3182 king
1008 3120 1054 3169 aad

155 3175 265 3224 comrade
276 3174 301 3223 in
311 3191 356 3224 one
383 3191 462 3230 eroon,
474 3191 515 3226 see
528 3175 626 3235 Zumpt.
639 3176 652 3226 l
663 3179 714 3226 697.

182 3239 190 3263 ⁸
200 3233 223 3280 It
234 3233 319 3293 might,
329 3191 382 3281 anri
386 3234 472 3282 indeed
482 3234 608 3294 according
616 3245 640 3282 to
649 3236 744 3295 regular
751 3235 855 3294 practice
864 3237 949 3297 ought,
958 3247 983 3285 to
992 3237 1053 3286 have

155 3294 214 3341 been
230 3292 320 3340 Dareus
328 3309 338 3349 ,¹
357 3293 399 3340 but
410 3309 451 3340 sae
464 3293 560 3352 Zumpt,
574 3293 587 3344 l
599 3297 650 3349 607,
664 3304 727 3342 note.
884 3332 888 3350 ,

109 3353 119 3360 “
182 3353 332 3408 'Ananim
351 3351 520 3400 adiminutive
537 3352 599 3400 from
613 3361 681 3402 ortua
698 3360 721 3408 (a
732 3355 827 3413 plurale
842 3363 942 3410 tantum,
962 3353 1051 3408 limbo).

155 3426 237 3458 means
253 3410 305 3458 first
316 3426 331 3457 a
341 3407 408 3465 limb,
421 3410 479 3456 then
496 3426 509 3457 a
526 3425 552 3458 se
570 3411 650 3458 ararad
666 3413 760 3470 portion
775 3409 803 3458 ol
815 3413 940 3473 anytlricg¹
952 3429 967 3460 a
982 3413 1052 3460 small

153 3425 568 3529 portionofrime,inpartioularag

167 3531 269 3590 -arrporr'a

566 3469 654 3518 ecisive
661 3486 688 3519 or
694 3469 784 3518 critical
793 3482 908 3527 moment,
917 3479 1053 3520 cuneatum
